2817 4792
200 377 265 444 102
487 391 538 446 na
559 389 643 439 sar.
667 389 827 452 nucrnrr,
851 389 1025 453 uonsrn,

198 537 249 605 sic
263 534 372 602 omnis
386 535 494 601 oratio
508 555 530 600 a
542 535 682 600 natrrrali
700 534 946 619 pulchritudine
967 555 1008 602 ac
1028 537 1181 616 verium,
1196 557 1219 603 a
1233 537 1315 604 sim·
1401 614 1402 621 χ

198 636 361 725 plicitate,
376 637 546 719 gravitate,
559 642 592 701 et
606 637 817 715 sublimitate,
832 638 874 702 ad
883 639 1046 703 rhetorum
1060 639 1201 704 subtiles
1214 659 1316 724 argn-

197 741 265 806 tias
279 745 312 802 et
324 739 485 823 puerilem
504 740 539 802 in
560 738 702 803 dicendo
717 744 879 817 ornatum,
892 738 936 804 ad
950 741 1126 822 quaesitam
1141 743 1315 823 quandam
1401 778 1402 787 κ

198 839 395 924 elegantiam
409 845 442 904 et
453 841 627 906 verborum
647 841 825 919 luxuriem,
847 841 965 905 robore
978 841 1154 924 nervisque
1168 841 1316 908 destitu-
1401 860 1402 913 ἱ

198 947 278 1021 tam,
304 941 347 1006 ad
375 944 508 1006 inanem
537 941 699 1006 doctrinae
728 943 977 1008 ostentationem
1005 941 1317 1028 affectationemque

198 1044 279 1111 artis
292 1043 499 1110 deflectebat.
543 1043 685 1109 l’o'etica
709 1046 829 1123 oratio,
853 1046 960 1123 ris,et
980 1044 1123 1110 oculus
1145 1052 1316 1125 auctura,
1401 1064 1402 1155 ἐ

198 1145 341 1229 ingenio,
356 1153 512 1231 rectoque
529 1145 669 1232 judicio,
688 1165 710 1210 a
724 1147 846 1230 quibus
860 1151 933 1210 tota
952 1145 1084 1230 pendet,
1099 1145 1144 1212 ad
1159 1152 1266 1212 artem
1278 1155 1317 1213 et
1401 1184 1402 1209 r

198 1254 378 1333 praecepta,
409 1269 486 1332 quae
513 1249 583 1314 sine
610 1247 678 1312 illis
701 1267 820 1330 parum
848 1247 972 1325 valent,
1002 1267 1148 1331 qumque
1173 1267 1316 1315 sensum
1401 1314 1402 1319 ,

198 1368 310 1416 verum
333 1369 375 1415 ac
397 1350 582 1434 pulchrum,
597 1367 706 1413 acrem
724 1353 757 1411 et
778 1353 925 1426 acutum,
940 1350 1026 1414 alere
1048 1349 1183 1435 quidem
1204 1357 1239 1416 et
1259 1371 1316 1417 re-

199 1471 283 1534 gere,
293 1471 360 1516 non
374 1470 454 1516 vero
468 1453 500 1516 in
515 1452 593 1530 illis,
606 1451 893 1534 quibusanatura
906 1450 1085 1532 denegatus
1101 1457 1163 1530 est,
1177 1451 1316 1535 gignere
1401 1502 1402 1543 Ξ

198 1555 232 1618 et
245 1553 393 1618 excitare
407 1560 558 1637 possunt,
576 1555 649 1639 jam
671 1559 813 1620 exeunte
832 1553 958 1619 soecmo
973 1551 1148 1636 Augustae
1162 1553 1315 1620 deverte-
1401 1574 1402 1595 ¹

197 1653 266 1731 bat,
282 1659 315 1718 ct
327 1655 448 1718 exinde
461 1657 568 1737 magis
581 1675 670 1720 vana
683 1654 868 1719 eruditione
889 1659 992 1738 atque
1013 1652 1167 1720 Asiatico
1180 1663 1316 1722 tumore
1401 1706 1402 1727 r

198 1754 253 1820 vel
276 1756 460 1842 jejunitate,
484 1765 620 1823 ornatus
647 1758 823 1822 verborum
847 1756 1082 1840 phrasiumque
1107 1757 1254 1840 aucupio
1279 1763 1316 1823 et

198 1857 394 1937 variatione,
422 1860 534 1926 servili
562 1859 742 1926 imitatione
771 1859 910 1924 aliorum
937 1863 971 1922 et
997 1857 1120 1939 fiigida
1146 1861 1315 1924 sermonis

198 1958 356 2037 ubertate,
379 1961 604 2026 transitionum
626 1960 771 2026 audacia
791 1965 826 2024 et
845 1959 1069 2024 invereiunum
1089 1959 1220 2038 duritie,
1239 1961 1316 2024 dia·

199 2057 320 2126 lectioo
333 2061 566 2126 sententiarum
582 2060 736 2126 acumine
745 2079 918 2144 rerumque
927 2059 1131 2125 ubscuritate
1143 2068 1178 2126 et
1190 2063 1315 2146 ampli-

197 2158 364 2239 ficatione,
382 2164 676 2246 comparationum,
699 2161 890 2244 figurarum,
910 2165 1142 2246 nuperumque
1163 2165 1316 2231 multitu·

199 2261 274 2328 dine
287 2269 322 2328 et
334 2264 521 2342 insolentia,
537 2265 713 2330 verborum
725 2263 782 2327 vel
795 2263 1002 2348 antiquorum
1021 2263 1315 2351 obsoletorumque
1401 2288 1402 2299 ³

198 2366 391 2446 sectatione,
415 2367 470 2432 vel
491 2367 675 2449 vulgarium
697 2364 859 2448 perplexa
882 2369 1054 2440 abucbrra,
1076 2362 1316 2432 declamatoria

198 2467 356 2544 vanitate,
372 2474 406 2533 et
423 2467 566 2552 prolixis
582 2470 653 2534 aine
674 2485 778 2533 succo
790 2485 832 2530 ac
847 2465 1004 2548 sanguine
1017 2463 1312 2548 disputationibus,

199 2586 299 2652 quam
312 2574 438 2634 naturae
454 2569 666 2652 simplicitate
686 2588 728 2634 ac
746 2572 934 2646 venustate,
956 2567 1099 2650 genuino
1111 2568 1314 2636 urbanitatis

196 2668 411 2754 rerimduque
432 2670 554 2748 colore,
568 2671 658 2736 nullo
681 2671 759 2737 fuco
779 2669 876 2748 illito,
896 2668 1018 2752 ingenii
1037 2671 1187 2735 ubertate
1208 2677 1313 2756 atque

197 2769 361 2854 elegantia
383 2772 528 2858 quadam
549 2771 748 2850 admirabili,
771 2771 970 2837 inventionis
996 2769 1240 2854 pulchritudine
1268 2791 1311 2838 ac

196 2873 354 2952 novimte,
374 2875 554 2959 imaginum
575 2875 712 2942 veritate
732 2881 768 2939 et
787 2875 991 2959 proprietate
1013 2873 1245 2938 seutendarum
1267 2892 1312 2939 ac

197 2976 381 3053 verborum,
397 2978 578 3058 argumenti
600 2979 771 3062 exquisito
791 2976 922 3042 delectu
941 2980 976 3040 et
996 2975 1082 3039 scita
1101 2976 1311 3055 tractatione,

197 3079 278 3160 apta
291 3077 374 3142 serie
388 3082 421 3144 et
434 3078 651 3146 collocatione
672 3101 780 3146 rernm
801 3085 836 3144 et
855 3077 1013 3144 orationis
1034 3077 1080 3142 ad
1100 3096 1159 3141 eas
1173 3097 1309 3144 accom-

197 3178 388 3250 modatione
415 3181 653 3248 continebatur.
698 3181 788 3248 Haec
816 3181 960 3267 corrupti
984 3181 1144 3246 sermonis
1166 3180 1311 3262 indoles,

196 3281 271 3347 boec
290 3286 457 3348 oratumm
479 3281 721 3370 poetarumque
742 3283 861 3360 umtio,
881 3286 1102 3346 consentanea
1120 3287 1191 3345 erat
1209 3285 1310 3366 genio

196 3380 286 3447 illius
301 3381 379 3461 sevi,
394 3403 463 3467 quo
475 3384 625 3451 homines
647 3387 683 3450 in
704 3385 777 3451 dies
796 3384 905 3468 magis
926 3404 949 3448 a
968 3386 1086 3448 nubrra
1098 3383 1310 3467 recedebant,

196 3503 377 3568 eorumque
390 3486 520 3569 ingenia
532 3507 600 3552 non
621 3488 765 3572 amplius
787 3486 934 3571 diligenti
955 3483 1152 3549 Graecorum
1164 3484 1311 3552 lectione

196 3589 231 3651 et
243 3591 403 3653 accurata
415 3587 567 3654 humanae
582 3595 710 3655 naturae
727 3607 900 3672 rerumque
917 3587 1106 3669 cognitione
1119 3585 1309 3666 alebantur,

196 3687 254 3752 sed
289 3691 578 3773 grammaticorum
612 3693 853 3776 rhetorumque,
881 3689 1078 3754 stolidorum
1112 3686 1311 3772 plerumque

195 3786 305 3856 inanis
331 3791 491 3859 doctrinae
520 3798 767 3871 ostentatorum,
796 3792 998 3858 institutione
1028 3795 1247 3873 prepostero,
1276 3795 1312 3855 et

197 3890 334 3958 assidua
343 3892 553 3960 declamandi
565 3893 793 3978 recitandique
807 3890 1042 3958 consuetudine
1054 3889 1309 3957 formabantur.3

698 4059 807 4112 NOTAE

210 4141 213 4146 Ι
231 4168 246 4219 Ι
263 4163 352 4234 Digna
368 4177 429 4221 sunt
444 4185 501 4238 qua
515 4175 641 4240 juvenum
653 4189 733 4226 causa
772 4172 863 4222 ‘Num
875 4171 926 4221 alio
936 4183 1033 4236 genera
1044 4166 1168 4218 furiarum
1179 4152 1312 4218 decime

197 4243 361 4298 ucrbaurm
379 4247 459 4297 rerba
474 4247 592 4301 Petronii
615 4249 669 4300 Sat.
690 4265 732 4315 pr,
771 4256 842 4300 toret
852 4246 1040 4313 inquietantur,
1048 4243 1230 4311 qoiclamsnt:
1242 4245 1309 4296 liae
