2817 4792
230 374 277 440 (ti
682 393 730 440 ns
752 391 890 442 sarran

225 533 400 612 sanutus,
426 554 485 620 per
507 533 686 628 ludibrium
711 533 826 598 oculos
844 533 969 615 agiae
981 538 1016 598 et
1028 534 1178 602 dicteriis
1191 539 1347 624 aliquem

226 637 456 724 proscindere,
470 641 520 702 sic
533 629 635 716 dicta,
649 635 863 723 (undeetiarn
876 637 978 711 σιλλός
990 657 1140 703 scomma
1159 647 1195 706 et
1214 643 1346 709 dicaci

233 748 286 826 tus
299 745 464 819 vocatae)
480 739 595 823 qualia
608 739 730 803 Timon
746 737 915 802 Phliasius
936 737 1112 804 Ptolemaei
1125 739 1345 827 Philadelphi

233 845 332 908 uetcte
340 848 373 907 ot
384 841 613 926 Xenophanes
627 841 771 905 Lesbius
781 841 936 919 heroicis,
948 842 1116 920 iambicis,
1130 849 1165 907 et
1177 844 1346 928 elegiacis

232 943 386 1008 versibus
400 943 577 1026 scripsere:
599 960 678 1006 nam
701 941 844 1026 plurium
859 941 1142 1028 Sillogrupborum
1156 946 1218 1011 uix
1231 950 1345 1012 nomi.

232 1065 278 1111 na
291 1047 471 1123 innotuere,
494 1051 529 1109 et
540 1045 656 1110 horum
670 1063 805 1128 qnoque
819 1047 920 1128 pauci
935 1051 1061 1111 tanturm
1071 1067 1186 1113 uersus
1200 1059 1344 1129 restant,

224 1171 255 1216 a
284 1149 434 1233 Diogene
464 1147 600 1214 laertio
624 1147 795 1231 Sextoque
818 1147 987 1232 Empirioo
1013 1153 1201 1230 memorati,
1232 1161 1268 1219 et
1296 1155 1343 1218 ab

234 1252 339 1318 Henr.
356 1251 538 1336 Stephano,
552 1251 601 1328 (in
627 1249 730 1316 Poeni
756 1243 894 1332 philos.)
915 1249 1155 1333 Langhcinrich
1174 1252 1229 1336 (iu
1243 1254 1342 1320 Diss.

234 1371 275 1419 11.
291 1355 333 1419 de
348 1355 491 1419 Timone
505 1351 602 1436 Lips.
618 1351 717 1416 1720.
733 1347 850 1434 1721.)
870 1349 1073 1416 &sanbouo
1085 1351 1144 1436 (de
1153 1352 1224 1419 Sat.
1235 1355 1342 1420 Rom.

232 1473 268 1537 p.
283 1457 362 1522 222.
377 1453 471 1540 228.)
491 1461 525 1518 et
539 1452 710 1518 Brunckio
725 1454 772 1530 (iu
786 1451 887 1517 Anni.
913 1451 958 1518 V.
976 1451 1018 1517 P.
1032 1451 1075 1517 Τ.
1092 1469 1135 1518 ιι.
1149 1474 1186 1537 p.
1201 1455 1247 1521 67
1268 1455 1343 1541 sq.)

232 1557 378 1636 collecti,
403 1557 524 1640 quibos
550 1554 741 1640 philosophi
764 1555 1007 1637 cujuscumque
1028 1556 1157 1641 genens
1175 1553 1343 1623 dicaciter

231 1657 420 1736 illuduntur,
443 1664 476 1722 et
489 1677 510 1722 a
524 1657 663 1722 Timone
677 1675 794 1738 graves
815 1673 908 1738 saepe
930 1662 967 1719 et
984 1655 1174 1740 magnificae
1196 1656 1343 1724 Homeri

221 1759 424 1836 locnfiones,
446 1763 484 1823 ut
504 1759 539 1822 in
552 1757 703 1842 supplica
724 1757 772 1835 lit,
787 1754 1022 1825 transferuntur
1046 1757 1090 1820 ad
1111 1777 1164 1821 res
1177 1759 1338 1826 ludicras.

233 1843 321 1940 Quia
345 1861 574 1946 Xenophanes
595 1865 757 1943 practerea
778 1862 909 1945 γέγραφε
929 1861 958 1930 ,ἂν
978 1858 1057 1920 lum
1079 1859 1129 1920 sal
1142 1857 1273 1945 eqd«,
1289 1864 1338 1924 nal

233 1961 352 2045 ἰάμβους
381 1965 477 2043 (forie
498 1963 639 2048 ι’λιγιῖαις
666 1969 699 2026 et
722 1960 854 2047 hippoe)
877 1959 940 2023 καθ’
960 1959 1096 2024 Ἡσιόδου
1127 1961 1176 2023 nal
1198 1963 1339 2049 Upim,

231 2067 385 2130 iuraturos
407 2067 443 2148 (s.
465 2065 661 2143 ἐπισκώπτων)
676 2068 767 2128 αὐτῶν
790 2070 830 2129 τὰ
849 2066 910 2150 περὶ
936 2063 999 2126 θεῶν
1020 2061 1158 2150 rimisa,
1180 2067 1210 2129 si
1234 2065 1339 2132 Iner-

230 2169 279 2234 tio
295 2185 350 2235 rx.
365 2169 409 2234 18
422 2173 507 2234 extr.
523 2169 606 2232 fides
619 2167 784 2244 habenda,
807 2167 1049 2232 interciderant.

272 2271 307 2336 A
317 2271 516 2337 Graecornm
530 2271 728 2334 carminibus
742 2271 915 2336 maledicis
935 2271 1008 2354 jam
1022 2271 1274 2354 progrediamur
1294 2270 1337 2336 ed

230 2374 397 2452 Romane,
413 2377 448 2437 et
462 2373 561 2437 simul
585 2391 607 2436 a
630 2371 764 2436 Greecee
788 2372 932 2455 poeseos
955 2370 1146 2456 primordiis
1170 2379 1206 2438 et
1230 2373 1338 2438 incre-
1380 2449 1383 2453 ,

229 2478 359 2553 mentis,
383 2497 458 2559 quae
473 2475 592 2558 paucis
607 2474 838 2552 delibavimus,
855 2475 899 2538 ed
912 2475 1066 2553 similem,
1079 2494 1189 2559 neque
1202 2495 1226 2540 a
1239 2475 1337 2541 Gra-

231 2595 346 2641 cornm
359 2578 553 2651 imitatione,
575 2574 670 2659 (quoe
686 2581 763 2640 tunc
779 2576 911 2640 demum
927 2577 1043 2660 coepit,
1066 2597 1142 2640 cum
1167 2577 1336 2658 ingenium

229 2681 299 2742 arte
313 2673 544 2758 formaretur)
559 2674 617 2739 sed
637 2681 791 2742 enatura
805 2675 989 2760 profectam
1012 2678 1171 2760 originem
1195 2677 1336 2743 lentum-

230 2799 294 2864 que
309 2798 516 2864 progressum
532 2776 694 2842 Romanae
709 2777 870 2860 poetices.
915 2777 970 2842 Ex
981 2779 1065 2843 locis
1074 2779 1229 2844 classicis
1238 2779 1333 2865 Virg.

229 2879 293 2946 Ge.
312 2898 351 2945 ιι.
366 2881 432 2946 385
446 2901 517 2964 seq.
530 2887 563 2946 et
579 2880 701 2944 Horat.
723 2878 831 2962 Epist.
855 2896 897 2945 ιι.
922 2881 954 2945 1.
970 2881 1116 2945 139-167
1129 2881 1334 2963 intelligitur,

228 2983 349 3066 priscis
364 2983 567 3066 temporibus
591 2983 633 3044 ab
660 2983 846 3064 agrestibus
867 2981 957 3046 latii
978 2983 1147 3047 Iiberalia
1171 2989 1207 3048 et
1230 2985 1334 3050 festos

226 3083 301 3154 'dies
315 3090 395 3167 post
408 3103 550 3148 messem
564 3085 732 3149 conditam
745 3085 862 3148 eodem
876 3083 943 3148 sere
961 3084 1073 3161 modo,
1097 3104 1164 3167 quo
1188 3104 1212 3148 a
1237 3085 1334 3151 Grue-

230 3184 292 3262 cis,
315 3184 497 3268 eademque
518 3184 645 3248 ludicra
658 3205 718 3268 per
730 3203 838 3268 pagos
852 3192 931 3250 ncta
944 3203 1036 3265 esse3
1057 3186 1167 3249 cosin
1183 3185 1333 3251 Deorum

229 3286 386 3350 ruralium
410 3285 564 3352 honorem
590 3287 751 3351 cecinisse
765 3285 918 3370 hymnos,
942 3291 976 3350 et
1000 3305 1068 3350 non
1090 3285 1191 3349 modo
1214 3287 1334 3352 oscilla

227 3389 299 3454 sive
311 3389 421 3452 larvas
436 3409 455 3452 e
469 3390 648 3454 corticibus
669 3389 777 3453 factas
793 3388 968 3452 arboribus
983 3387 1196 3471 appendisse,
1221 3395 1260 3454 ut
1281 3389 1333 3454 his

228 3489 358 3555 Bocchi
379 3491 579 3572 imaginibus
602 3497 701 3554 uento
725 3508 862 3574 quaqua
882 3507 999 3554 versus
1025 3490 1160 3572 agitatis
1180 3491 1333 3555 maxims

228 3613 381 3678 agrorum
396 3593 527 3657 ubertus
541 3591 787 3669 diffunderetur,
802 3589 863 3653 scd
876 3590 918 3654 iis
933 3610 1064 3675 qnoque
1080 3609 1139 3654 ora
1150 3589 1333 3658 obduxisse

228 3717 307 3778 sua;
329 3695 531 3778 eosdemque
555 3696 603 3758 ita
626 3701 823 3777 personatos
837 3699 872 3756 et
885 3694 963 3758 uino
977 3713 1096 3775 graves
1107 3694 1333 3775 praetereunti·

225 3799 290 3862 bus
304 3799 436 3881 sibique
452 3797 595 3861 invicem
609 3797 785 3876 ingessisse
807 3792 947 3859 dicteria
968 3799 1002 3858 ct
1021 3795 1152 3877 probra,
1176 3796 1331 3859 versibus
1351 3855 1355 3860 .

227 3905 265 3964 ut
289 3899 465 3984 plurimum
486 3897 677 3975 inconditis,
693 3897 868 3962 amoebaeis
882 3903 914 3962 ct
928 3895 1211 3980 extemporalibus
1234 3899 1333 3976 (atm-

227 3997 477 4085 s'xrir'cleq'iupaci
493 4023 522 4068 s.
549 3999 697 4079 ποιήμασι,
722 3995 939 4083 impromptus,
961 3993 1189 4081 Improvisare)
1211 4005 1331 4064 lemae

228 4119 270 4166 ac
284 4101 354 4164 sine
367 4111 438 4167 arte
454 4105 662 4168 adumbrata.
705 4099 809 4165 Tales
821 4119 936 4164 uersus
949 4105 1044 4163 erant
1066 4097 1223 4176 Saturnis,
1246 4101 1279 4166 b.
1301 4121 1330 4165 c.

228 4201 331 4288 prisci
347 4219 387 4266 ac
400 4203 510 4281 rudes,
524 4211 557 4268 et
574 4201 765 4279 fescennini,
781 4221 803 4268 a
818 4199 1012 4279 Fescennia,
1038 4199 1179 4265 Etruniae
1195 4199 1329 4288 oppido,
