2817 4792
503 371 506 376 λ
538 403 764 456 ruvereus.
1160 381 1205 449 87

98 577 201 644 quern
215 557 318 622 etiam
331 562 477 622 veterum
490 573 628 621 errores
674 551 828 619 Paridem
841 555 935 622 illum
948 549 1098 618 seriorem
1110 553 1206 620 intel·
1318 543 1328 558 ⁸

97 661 205 744 ligent
218 660 299 724 vitre
314 656 490 723 Iuvenalis
505 663 622 724 auctor
637 657 845 743 Anonymus,
859 662 1002 723 etvetus
1022 657 1091 734 ille,
1106 675 1206 741 quem

98 763 272 840 babemus,
302 759 476 826 Juvenetis
504 761 679 845 interpres,
711 758 845 826 Oleudii
876 759 1030 824 nimirum
1061 757 1207 824 Neronis

100 864 265 942 libertum,
280 881 302 926 a
316 862 461 928 Patrono
475 865 567 946 ipso,
581 871 620 930 ut
635 863 704 928 Dio
717 863 777 930 tib.
796 881 830 927 r..
842 868 877 928 at
890 862 1066 928 Suetonius
1081 861 1162 927 Ner.
1177 882 1206 928 c.

101 967 156 1030 et.
170 971 342 1042 testantur,
357 965 568 1031 intersectum.
612 964 759 1031 Proinde
780 965 824 1030 sd
848 964 1040 1031 Neroniana
1059 972 1209 1050 tempora

101 1067 161 1133 illa
182 1067 280 1132 refert
301 1067 504 1133 Scholiastes
525 1067 586 1147 (ad
612 1065 858 1152 Sutrium.)
877 1069 1052 1154 inquibus
1073 1067 1207 1132 Paridis

101 1171 302 1235 mentionem
324 1169 403 1234 tecit
420 1169 607 1234 Juveunlis.
651 1169 709 1236 Ita
726 1165 908 1233 Domitiani
921 1177 1072 1254 tempora
1084 1171 1207 1254 pertin·

100 1289 179 1354 gere
192 1271 365 1336 Iuvenalis
380 1289 447 1336 non
468 1273 626 1356 potuerit,
653 1273 711 1357 qui
733 1273 835 1358 paulo
854 1281 924 1358 port
938 1267 1066 1335 erilium
1078 1271 1207 1350 obierit,

100 1372 194 1456 quod
209 1379 330 1450 tamem
352 1375 406 1438 vel
427 1393 471 1438 ex
492 1375 568 1458 ipso
583 1373 767 1440 Satirarum
781 1393 893 1460 opere,
917 1379 1047 1440 constat
1060 1393 1135 1437 esse
1147 1373 1208 1438 sal·

100 1475 284 1538 sissimum.
306 1473 411 1559 Atqui
416 1475 576 1562 juniorem
590 1477 684 1542 illum
697 1476 806 1542 fuisse
822 1473 973 1539 Paridem
984 1495 1006 1540 a
1016 1475 1208 1541 Domitiano

100 1595 243 1656 caesum,
260 1599 357 1664 quem
376 1580 565 1664 perstrinxit
584 1578 770 1658 Iuvenalis,
789 1580 842 1646 vel
856 1580 935 1644 inde
957 1581 1100 1657 constat,
1116 1578 1207 1664 quod

102 1679 242 1746 Sestium
251 1683 387 1768 potitam
401 1681 501 1762 dicat,
513 1689 593 1769 post
608 1685 779 1748 recitatam
791 1702 867 1747 cnm
881 1683 981 1748 lande
990 1681 1205 1762 'l'nebaidem

100 1783 244 1868 Agaven
267 1803 362 1848 suam
386 1784 583 1867 tragoediam
598 1784 714 1850 Paridi
734 1785 784 1850 iili
800 1785 998 1850 vendidisse.
1043 1784 1114 1850 Hic
1128 1805 1209 1849 sane

101 1885 229 1960 Statius
244 1885 289 1949 ab
304 1903 358 1961 eo,
382 1904 481 1968 quem
502 1885 675 1964 habemus,
699 1885 785 1952 alius
800 1906 875 1951 esse
888 1905 955 1950 nou
968 1889 1083 1970 potnit.
1129 1885 1211 1950 Edi·

100 1986 197 2050 derat
211 1985 268 2049 ille
277 1983 480 2050 Thebaidem
495 2005 591 2050 suam
606 1987 708 2071 paulo
723 1993 818 2052 autea
830 2007 929 2072 quem
944 1990 1087 2073 primum
1101 1989 1211 2052 ederet

102 2087 281 2172 sylvarum
303 2087 443 2152 librum:
469 2088 643 2171 probatam
663 2089 819 2154 nimirum
835 2095 935 2153 autea
949 2088 1209 2153 recitationibus.

103 2187 160 2252 Ite
174 2193 252 2270 post
265 2187 395 2253 initium
410 2187 606 2268 Domitiani,
621 2195 779 2254 ettamen
794 2195 869 2255 ante
885 2189 1020 2255 Paridis
1035 2191 1162 2255 caedem
1176 2193 1212 2254 et

100 2287 281 2372 repudium
323 2288 494 2368 Domitiae,
538 2287 680 2372 Agaven
706 2290 892 2357 vendiderit
918 2295 1049 2375 oportet
1076 2291 1212 2356 Statius.

100 2389 202 2456 Adeo
225 2393 387 2473 praeterea
412 2397 535 2456 certum
560 2397 624 2468 est,
647 2402 717 2474 post
742 2389 851 2454 cadon
876 2389 1059 2454 Domitiani
1083 2391 1212 2456 Satires

101 2493 279 2576 scripsisse
307 2490 516 2570 Iuvenalem,
546 2497 584 2556 ut
611 2491 732 2556 mirum
759 2494 804 2556 sit
832 2491 992 2576 proiecto,
1016 2494 1161 2558 monitos
1189 2513 1211 2559 a

102 2595 234 2679 lipsio,
259 2593 334 2678 (lib.
366 2611 416 2658 ιν.
442 2591 551 2678 Epist.
567 2591 700 2672 Quest.
715 2613 768 2679 ep·
783 2595 852 2673 20.)
873 2601 908 2660 et
932 2593 1097 2660 Selmesio
1115 2595 1158 2660 da
1171 2615 1212 2662 co

101 2697 249 2782 amplius
274 2697 423 2760 dubitare
447 2715 548 2780 posse
578 2697 667 2760 viros
694 2696 856 2762 eruditos.
912 2695 992 2760 Non
1018 2703 1131 2781 repeto
1155 2700 1211 2764 hic

102 2803 307 2883 armenta
318 2799 391 2884 jam
405 2799 526 2862 abillis
541 2797 619 2864 olim
634 2799 818 2866 observata.
855 2797 991 2864 Novum
1006 2799 1106 2879 eddo,
1121 2801 1213 2884 quod

100 2903 182 2968 iilos
194 2901 334 2985 fugeret,
346 2899 407 2964 sed
421 2919 502 2965 vero
514 2900 611 2983 longe
625 2903 854 2967 certissimum.
889 2897 1033 2963 Mariam
1048 2901 1103 2966 iile
1120 2899 1214 2965 Pris-

102 3025 174 3068 cum
186 3004 269 3068 dicit
281 3003 364 3082 (Sat.
382 3019 406 3067 1.
420 3004 473 3068 47.
483 3021 556 3088 sqq.
571 3007 604 3068 et
614 3021 696 3070 vni.
705 3001 802 3088 120.)
812 3025 910 3088 nuper
918 3001 1017 3090 Afros
1026 3001 1213 3082 discretior,

102 3107 244 3194 proinde
258 3101 375 3168 erotem
388 3105 513 3170 sactum
528 3105 719 3172 damnatum
732 3107 985 3192 repetundorum
998 3129 1007 3188 3
1038 3110 1088 3172 sic
1103 3113 1214 3172 temen

103 3215 143 3272 ut
159 3203 234 3270 Diis
248 3209 320 3290 ipse
333 3205 424 3268 iratis
436 3203 615 3291 frueretur,
634 3207 797 3292 proor'rrrr‘e
813 3213 923 3274 autem
937 3205 1050 3272 victrix
1059 3204 1214 3290 ploraret.

104 3309 209 3374 Hanc
224 3309 334 3392 ipsam
347 3306 503 3374 Afrorum
517 3329 654 3375 oausam
679 3329 792 3375 coram
804 3309 954 3394 'stajano
977 3310 1110 3374 tertium
1124 3307 1214 3374 Gon·

103 3411 179 3478 sule
193 3409 323 3474 Plinius
337 3411 406 3492 egit
418 3429 528 3474 mense
542 3408 702 3475 Ianuario
717 3411 794 3474 anui
803 3429 835 3473 c.
846 3416 881 3476 et
891 3410 1025 3495 quidem
1035 3429 1075 3474 eo
1084 3415 1213 3488 eventu,

102 3521 142 3580 nt
152 3511 333 3596 raptafirco
344 3511 582 3589 addicerentur,
594 3531 672 3596 quse
682 3531 786 3576 causa
795 3517 865 3577 emt
874 3511 1043 3595 provincie
1053 3510 1215 3594 plorandi,

103 3615 245 3699 reliquis
260 3615 332 3698 ipse
356 3613 391 3676 r'rr
409 3611 502 3676 err'Ir'o
517 3609 695 3698 frueretur.
718 3612 772 3698 (v.
796 3611 883 3678 Prin.
907 3613 972 3696 Ep.
989 3631 1030 3677 11.
1048 3613 1099 3678 11.
1114 3613 1167 3676 12.
1182 3623 1217 3683 et

104 3719 236 3800 Paneg.
251 3735 281 3782 c.
294 3713 368 3800 76.)
389 3715 475 3780 Sunt
495 3723 529 3782 et
546 3715 604 3782 illa
626 3715 798 3782 Juvenolis
821 3717 862 3781 de
888 3716 1079 3780 Domitiano
1093 3715 1216 3778 verber

102 3821 194 3906 (Sat.
212 3835 264 3883 rr.
278 3818 332 3883 37.
347 3815 419 3903 38)

150 3971 238 4042 Cum
248 3971 322 4055 jam
337 3971 563 4037 semianimem
576 3971 738 4034 laceraret
749 3968 887 4032 Flavius
900 3967 1014 4038 urbem

147 4073 309 4152 Ultimus,
323 4075 357 4136 et
371 4071 467 4136 calvo
482 4073 620 4138 serviret
632 4069 743 4136 Roma
758 4068 897 4134 Neroni.

103 4226 196 4296 Haec
228 4221 331 4288 verba
359 4221 402 4286 ad
432 4219 558 4286 critiam
588 4221 699 4308 poctae
730 4219 843 4286 retulit
870 4225 965 4287 vetus
1000 4167 1217 4283 Scholiastos.
