2817 4792
531 361 583 410 AD
606 360 688 410 ΒΔΤ.
710 361 735 411 l·

428 992 853 1072 EXCURSUS

517 1199 571 1252 An
588 1201 663 1254 sn'r.
680 1203 705 1254 1.
723 1207 778 1254 lor.

127 1429 286 1496 vnasns
301 1432 536 1514 perobscurus,
561 1431 659 1518 cujus
680 1437 714 1497 et
727 1432 827 1498 lectio
841 1436 874 1496 et
887 1430 1109 1514 interpretatio
1123 1435 1192 1496 tam

82 1533 193 1598 dubia
206 1539 270 1610 cst,
292 1537 395 1616 atque
417 1539 487 1600 tam
512 1553 630 1620 parum
645 1535 817 1600 commode
830 1533 991 1619 expedita
1003 1534 1046 1597 ab
1061 1533 1194 1598 editori·

80 1633 163 1714 hus,
186 1639 224 1698 ut
237 1633 394 1700 Pithoeus
417 1636 634 1718 profiteretur,
657 1636 783 1700 nullum
807 1638 843 1700 in
864 1636 917 1700 his
945 1635 1063 1699 Satiris
1081 1635 1194 1703 locum

81 1755 173 1813 csse,
197 1755 295 1818 quem
316 1755 361 1800 ex
380 1735 682 1803 Grammaticorum
706 1739 829 1822 glossis
849 1739 960 1804 minus
982 1738 1196 1818 grammatico

81 1837 297 1904 intellexerit.
327 1835 534 1903 Varietatem
549 1838 701 1905 lectionis
713 1861 817 1924 supra
830 1839 873 1904 ad
887 1840 920 1903 b.
930 1840 955 1904 l.
971 1838 1194 1903 enotavimus:

82 1959 176 2005 nunc
190 1941 313 2024 paucis
332 1941 575 2006 recensebimus
589 1943 732 2007 virorum
747 1944 923 2008 doctorum
942 1941 1195 2024 explicationes.
1221 1993 1225 2000 .

85 2041 253 2112 Nonmlti
267 2041 300 2105 h.
315 2041 339 2106 l.
354 2043 404 2106 ita
418 2043 531 2124 legunt
544 2049 578 2107 ot
591 2045 861 2128 interpretantur:
885 2039 1000 2105 lucebis
1011 2061 1040 2106 s.
1051 2041 1196 2119 ardebis,

85 2153 117 2207 et
132 2141 234 2206 lutum
256 2139 358 2206 medio
380 2141 496 2208 sulcum
517 2143 639 2209 deducis
663 2167 771 2224 arena,
792 2147 916 2212 frustra
936 2145 1081 2222 laboras,
1102 2148 1196 2208 nota·

85 2247 180 2311 tione
193 2249 250 2308 tua
265 2263 305 2309 ac
323 2245 572 2329 reprehensione
596 2247 677 2312 nihil
691 2249 823 2312 omnino
838 2245 991 2331 proticis3
1013 2243 1104 2327 quod
1118 2262 1197 2326 pro·

85 2346 198 2414 verhii
220 2346 296 2410 loco
311 2345 435 2410 (lichum
449 2347 658 2425 arbitrantur,
682 2352 721 2411 ut
744 2347 856 2411 Graec.
880 2343 978 2426 ἄμμον
999 2345 1121 2428 μετρεῖν,
1144 2342 1197 2407 vel

87 2449 165 2514 laet.
191 2445 280 2510 littus
300 2467 402 2512 arura.
424 2445 494 2533 (cf.
508 2449 566 2513 int'.
584 2465 648 2512 vn.
664 2448 717 2513 48.
732 2445 805 2529 49.)
829 2446 1061 2510 Britannicus:
1083 2440 1198 2507 lucetis

87 2551 208 2618 tunica
232 2548 372 2614 molesta
395 2547 530 2614 indutus
544 2547 636 2627 tadu,
659 2551 745 2630 igne,
767 2569 829 2633 quo
852 2554 967 2609 stantes
992 2543 1116 2624 ardent,
1139 2549 1198 2608 aut

89 2653 174 2739 quia
194 2650 530 2736 alligabanturflstipiti
545 2651 762 2733 circumjecto
775 2651 861 2732 igne,
885 2652 946 2712 aut
968 2648 1058 2731 quia,
1082 2651 1119 2711 ut
1137 2646 1199 2710 Se·

89 2773 177 2820 neca
202 2751 310 2836 Epist.
334 2767 414 2814 xiv.
437 2751 565 2830 scribit,
596 2772 656 2834 per
674 2750 821 2815 modium
847 2748 1012 2812 hominem
1040 2746 1200 2828 agebatur

90 2855 212 2941 stipes,
234 2858 270 2918 ut
283 2873 343 2936 per
358 2871 472 2916 omnes
487 2859 578 2918 artus
595 2860 790 2936 emergeret3
814 2859 844 2914 et
860 2845 982 2912 deducit
997 2845 1125 2925 sulcum,
1141 2853 1200 2914 aut

91 2958 174 3044 quia
188 2956 273 3020 sorte
285 2973 373 3018 unco
387 2954 611 3032 trahebantur,
633 2962 691 3018 aut
707 2953 798 3037 quod
811 2952 970 3029 damnati,
992 2954 1025 3014 et
1045 2948 1081 3011 iu
1097 2947 1199 3012 medin

92 3077 191 3124 uranu
215 3055 457 3138 amphitheatri,
479 3054 538 3119 ubi
561 3054 655 3119 multi
680 3055 911 3119 cremabantur
931 3053 1013 3130 vivi,
1040 3055 1091 3129 (nt
1105 3049 1200 3116 Atel·

91 3161 183 3225 larrae
208 3157 310 3241 polita
331 3161 415 3220 teste
441 3155 532 3220 Suet.
547 3153 620 3220 cat.
635 3153 708 3239 27.)
721 3156 847 3239 alligati
861 3154 967 3238 stipiti
981 3152 1124 3238 pedibus
1138 3149 1201 3215 uel·

93 3283 162 3326 cum
191 3261 360 3326 faciehant
384 3257 508 3323 circum
535 3277 572 3323 se
593 3258 774 3335 volventes,
803 3262 926 3321 terrore
952 3256 1039 3338 iguis
1062 3255 1201 3320 admoti.

93 3363 239 3428 Videtur
263 3363 377 3444 itaque
404 3359 437 3422 ri
461 3356 595 3437 deducit,
618 3357 800 3423 secumdum
819 3355 965 3421 Atticam
991 3371 1202 3421 numerorum

94 3465 280 3546 enullagen,
302 3479 365 3544 pro
386 3457 541 3524 deducunt
565 3461 713 3543 positum
737 3459 921 3542 accepisse,
942 3463 980 3522 ut
1001 3455 1201 3539 Grangaeus,

96 3567 154 3651 qui
169 3564 246 3630 coll.
261 3563 354 3644 Virg.
372 3561 434 3627 Ge.
450 3577 506 3625 ιιι.
522 3561 598 3625 402.
612 3561 689 3624 403.
708 3565 813 3644 putat,
835 3558 1004 3624 maleficos
1025 3558 1202 3640 designari,

96 3667 156 3752 qui
169 3683 257 3730 unco
272 3663 368 3728 tracti
391 3661 510 3726 iruerint
533 3683 593 3744 per
614 3683 754 3740 arcuum,
776 3668 810 3726 et
823 3660 938 3724 sulcum
953 3658 1117 3744 quendam
1140 3659 1203 3721 im·

95 3766 294 3852 presserint3
317 3783 383 3848 qua
397 3783 480 3827 usus
490 3764 534 3828 sit
543 3765 737 3846 metaphora
751 3763 989 3847 Lycophronin
1000 3757 1203 3835 Cassandra,

98 3869 140 3932 (le
156 3868 304 3933 Hectore
315 3871 422 3931 tracto
437 3867 481 3930 ab
497 3865 639 3943 Achille,
662 3869 769 3952 Αευρὰς
786 3862 890 3943 βιῶτης
906 3865 1041 3947 peropus
1061 3861 1093 3921 δι’
1110 3857 1204 3923 αὔλα-

99 3994 158 4043 aas.
203 3967 261 4031 Sic
275 3971 417 4030 etvetus
439 3967 549 4030 Schol.
581 3971 591 4000 ‘
607 3966 770 4031 adductus
784 3984 861 4029 cum
875 3983 935 4046 per
951 3981 1083 4027 arenam
1096 3962 1204 4027 trahe·

100 4077 198 4147 retur,
221 4067 350 4132 sulcum
368 4087 504 4152 corpore
525 4087 586 4131 suo
600 4066 698 4148 secit3
720 4067 775 4131 rel
789 4065 925 4142 fossam,
946 4065 981 4127 in
994 4057 1062 4148 ‹iua
1075 4065 1204 4148 stipites

101 4171 238 4247 fiebant,
259 4171 294 4234 in
315 4169 437 4252 quihus
450 4169 627 4234 ardebant?
671 4169 766 4234 Idem
783 4175 893 4234 tamen
903 4167 1135 4252 huncquoque
1154 4165 1204 4230 in·
