2817 4792
209 327 258 404 12
656 344 867 401 ramerum.

209 501 221 536 ‘
235 504 362 566 tantum
375 501 497 584 legunt,
512 507 549 566 ut
567 503 760 568 emendentt
782 505 819 567 nt
839 501 916 566 illos
931 499 1082 564 meliores
1096 497 1239 576 saciant,
1254 515 1332 563 non

209 606 221 636 ‘
235 607 272 667 ut
288 604 386 665 sesel
411 602 531 684 Itaque
547 605 606 666 toti
621 603 654 664 in
665 605 794 667 voculis
810 608 866 665 aut
888 603 1026 686 syllabis
1048 601 1177 683 aliquot
1191 602 1333 664 effami-

210 705 221 736 ‘
235 699 353 767 nandis
369 713 466 784 sunt;
490 712 522 768 et
537 710 676 785 segetem
694 705 785 768 illam
803 707 935 768 uberem
949 721 1058 766 rerum
1070 702 1333 766 sententiarumss

209 807 221 840 ⁴
236 823 300 887 que
315 805 425 868 subter
434 807 564 882 habeut,
579 805 685 889 paleis
699 809 799 870 modo
812 804 928 868 lectis?

253 905 339 984 Qum
376 928 449 970 cum
486 909 532 972 ita
565 909 643 984 sint,
681 927 788 969 nonne
818 906 1057 970 consideratius
1084 907 1193 988 egisse
1226 905 1332 970 vide-

208 1025 269 1085 rer,
294 1011 322 1071 si
347 1011 511 1072 variarum
535 1010 712 1073 lectionum
733 1008 879 1090 aliquem
906 1007 1071 1071 delectum
1090 1008 1262 1084 fecissem,
1290 1015 1331 1071 et

208 1108 257 1174 ita
280 1129 443 1174 summum
472 1111 634 1173 levassem
670 1110 819 1186 taedium,
848 1109 936 1192 quod
964 1110 999 1171 in
1027 1109 1069 1170 iis
1096 1108 1330 1190 excerpendis

208 1210 288 1275 mihi
312 1211 536 1277 devorandum
566 1213 654 1276 fuiti
694 1211 736 1274 Id
765 1231 900 1294 quoque
928 1210 1008 1274 mihi
1037 1212 1081 1272 ab
1110 1211 1205 1273 initio
1239 1231 1330 1292 pro·

207 1316 350 1396 positum
371 1315 476 1378 luisse
500 1319 533 1378 et
558 1316 773 1378 constitutum
795 1312 884 1376 haud
907 1312 1056 1376 diffiteor.
1101 1311 1169 1376 Sed
1194 1313 1327 1376 multas

209 1415 337 1479 consilii
363 1415 510 1479 mutandi
534 1418 674 1479 rationes
695 1415 809 1492 habui,
835 1435 924 1499 quae,
949 1417 1063 1477 sinon
1087 1413 1259 1477 sufficiunt
1279 1410 1328 1477 ad

107 1515 112 1524 '
210 1531 346 1580 cansam
367 1535 475 1580 meam
498 1517 750 1595 defendendam,
773 1521 880 1582 reniae
902 1523 1013 1580 tamen
1036 1535 1140 1598 spem,
1168 1517 1329 1597 aliquam

211 1619 310 1693 certe,
336 1617 416 1680 mihi
439 1619 622 1683 ostendunt.
669 1619 758 1684 Nam
785 1621 940 1702 primum,
963 1617 1126 1700 ejusmodi
1152 1617 1328 1681 delectum

211 1737 288 1782 cum
306 1719 436 1802 judicio
451 1721 565 1784 subtili
580 1720 733 1785 adhibere
746 1722 880 1785 omnino
895 1718 1141 1798 difficillimum
1156 1726 1189 1783 et
1211 1720 1329 1786 multo

209 1821 342 1884 facilius
357 1827 416 1899 est,
434 1827 471 1886 ut
485 1821 519 1884 in
533 1823 701 1905 plerisque
717 1823 826 1899 rebus,
849 1824 898 1887 ita
912 1829 945 1886 et
959 1821 993 1885 in
1013 1822 1090 1897 huc,
1116 1822 1211 1885 utiles
1225 1841 1331 1903 egre-

209 1921 349 2004 giasque
372 1922 461 2004 leges
484 1922 576 2001 ferre,
602 1945 701 2007 qnam
726 1943 858 1989 servare
881 1929 915 1988 et
940 1925 984 1987 ad
1007 1943 1104 1987 usum
1129 1924 1326 1989 transferre.

211 2021 351 2100 Deinde,
376 2023 464 2108 quod
485 2024 555 2109 jam
569 2045 674 2108 supra
697 2025 868 2108 professus
883 2045 966 2102 sum,
991 2026 1027 2088 id
1049 2041 1162 2088 curare
1176 2031 1210 2088 et
1223 2026 1330 2091 volui

210 2128 243 2188 et
264 2123 374 2202 debui,
399 2132 446 2204 ut,
468 2127 525 2209 qui
545 2125 631 2192 hauc
647 2127 712 2192 sibi
726 2133 858 2210 pararet
871 2127 1061 2204 editionem,
1092 2127 1227 2210 reliquis
1242 2146 1330 2192 om-

209 2228 307 2292 uibus
321 2247 433 2291 carere
447 2235 572 2312 posset.
606 2229 692 2292 Tum
706 2248 876 2305 noveram,
890 2249 956 2291 non
970 2229 1099 2304 deesse,
1114 2228 1173 2309 qui
1183 2247 1327 2292 omnem

208 2329 359 2395 lectionis
374 2331 563 2396 varietatem
580 2331 822 2396 desiderarent:
837 2350 938 2413 quam
952 2329 1104 2413 plurimis
1118 2334 1224 2392 autem
1241 2329 1329 2396 sive

208 2431 367 2514 prodesse
383 2433 570 2514 cupiebam,
599 2436 670 2496 sive
686 2437 814 2513 gratum
830 2431 949 2508 facere,
974 2435 1008 2494 et
1020 2448 1086 2493 non
1099 2428 1329 2495 adolescenti-

209 2531 425 2607 bustarum,
450 2532 634 2594 sericorum
657 2534 759 2596 etiam
781 2534 959 2614 magistris,
984 2535 1041 2594 ant
1055 2532 1187 2595 omnino
1206 2531 1328 2598 erudi-

210 2630 348 2694 tioribus
362 2629 556 2714 longiusque
584 2633 619 2694 in
643 2631 697 2694 his
722 2631 825 2696 literis
849 2633 1026 2716 provectis,
1051 2652 1187 2715 operam
1205 2652 1329 2700 meam

210 2727 479 2816 diligentiamque
503 2733 662 2817 probare;
686 2755 753 2816 qua
777 2733 872 2799 effeci
895 2737 1013 2800 saltem
1038 2734 1115 2813 hoc,
1136 2740 1174 2798 ut
1198 2735 1328 2816 quales

210 2832 278 2897 sint
291 2835 378 2912 libri,
399 2853 537 2921 quorum
551 2835 631 2898 mihi
646 2834 791 2900 facultas
803 2836 913 2915 suerit,
937 2839 1036 2921 plane
1050 2837 1209 2920 perspici,
1223 2841 1267 2914 et,
1289 2837 1327 2902 si

210 2936 285 3019 quis
300 2943 377 3018 post
389 2957 441 3000 me
455 2935 477 3000 J
479 2939 653 3000 uvenalem
667 2939 773 3004 denuo
789 2959 957 3003 recensere
971 2939 1061 3013 velit,
1073 2938 1187 3002 labore
1200 2955 1327 3008 eorum

210 3035 478 3100 conferendorum
494 3038 708 3120 supersedere
725 3041 844 3123 possit.
891 3038 983 3117 Quin
993 3039 1155 3122 juvenum
1168 3059 1324 3124 quoque,

211 3137 268 3221 qui
287 3138 360 3222 jam
381 3139 583 3223 aliquantum
609 3141 824 3224 profecissent
843 3143 879 3205 in
902 3143 1019 3219 literis,
1047 3148 1081 3205 et
1103 3129 1155 3206 ad
1168 3144 1323 3210 animum

205 3239 320 3323 potius
343 3239 542 3324 poliendum,
568 3261 666 3325 quam
683 3243 727 3306 ad
742 3245 868 3307 victum
888 3245 1114 3326 quaerendum,
1141 3244 1324 3310 studione·

209 3343 340 3415 terrent,
364 3345 473 3424 magni
496 3343 653 3408 interesse
676 3346 874 3422 arbitrabar,
900 3345 1047 3426 aliquam
1071 3343 1112 3407 de
1138 3344 1322 3426 cujuslibet

209 3445 315 3509 veriae
329 3443 481 3507 lectionis
495 3445 635 3523 ratione,
653 3445 789 3527 origine,
809 3459 885 3522 usn,
909 3450 943 3508 et
953 3444 1122 3528 dignitate,
1140 3443 1320 3526 judicandi

207 3543 400 3612 facultatem
415 3549 586 3628 consequi,
608 3551 640 3610 et
650 3547 823 3611 medicinae
838 3547 1004 3628 corruptis
1019 3547 1103 3609 locis
1116 3544 1316 3608 adhibendae

209 3647 438 3731 sagacitatem,
453 3647 640 3731 criseosquo
655 3647 815 3712 faciendae
830 3652 962 3730 gustum
977 3647 1042 3710 sibi
1057 3665 1183 3729 parare.
1222 3645 1318 3711 Prae-

208 3751 298 3814 terea
311 3748 457 3814 nondum
472 3749 647 3831 quisquam
665 3749 826 3813 editorum
841 3750 929 3812 hunc
942 3748 1007 3812 sibi
1021 3749 1168 3811 laborem
1183 3749 1314 3826 sumsit,

209 3857 247 3916 ut
255 3855 375 3920 multos
388 3853 523 3920 codices
532 3852 586 3914 vel
596 3853 739 3935 scriptos
748 3851 804 3917 vel
812 3852 920 3915 editos
929 3849 1113 3926 luvenalis,
1124 3867 1251 3931 eosque
1259 3867 1316 3914 ac·

209 3957 323 4018 curate
337 3953 417 4020 inter
431 3974 468 4020 sc
481 3953 653 4031 conferret,
676 3959 711 4017 et
724 3956 767 4018 de
780 3951 890 4017 indole
905 3971 945 4016 ac
959 3951 1064 4035 pretio
1079 3967 1195 4013 eorum
1209 3949 1315 4034 dispi-

209 4059 308 4119 ceret.
353 4051 425 4135 Ego
438 4057 563 4138 primns
580 4059 709 4121 tantum
721 4053 804 4118 mihi
816 4055 925 4118 oneris
942 4049 1068 4134 imponi
1083 4066 1215 4133 passus,
1230 4057 1265 4115 et
1278 4052 1314 4116 in

208 4173 252 4221 ea
265 4173 444 4240 quoquere
465 4157 598 4242 adjutus
612 4177 688 4224 sum
702 4177 768 4243 opo
781 4157 927 4226 uiromm
940 4153 1122 4231 doctonrm,
1149 4150 1209 4235 qui
1220 4148 1313 4221 haud
