2817 4792
7 1592 18 1627 β

6 1663 18 1690 12

7 1732 17 1758 Ι

7 1792 17 1823 Ι

6 2066 16 2102 i

10 2135 15 2164 Ι

505 424 645 476 stirme
670 425 722 478 νι.
1112 415 1180 482 386

70 565 162 632 Nam
177 583 254 650 quae
270 564 372 631 docta
384 566 483 632 nimis
498 570 591 654 cupit
604 575 638 633 et
656 569 800 636 facunda
823 571 940 652 videri,
1112 573 1180 638 446

71 669 173 734 Crure
189 675 283 734 tenus
302 670 414 734 medio
428 672 557 736 tunicas
571 673 765 756 succingere
779 675 889 754 debet,

69 769 209 835 Caedere
226 771 374 856 Sylvano
389 793 542 858 porcum,
564 775 746 858 quadrante
760 777 875 842 lavari.

68 870 151 938 Non
161 871 284 938 habeat
297 879 459 952 matrona,
474 877 536 942 tibi
548 895 625 960 quse
636 876 755 961 juncta
769 879 938 956 recumbit,

65 973 215 1040 Dicendi
230 995 346 1058 genus,
363 983 421 1042 aut
432 983 557 1042 curtum
571 997 721 1042 sermone
736 984 844 1058 rotato

65 1075 240 1161 Torqueat
253 1077 470 1163 euthymema,
492 1098 553 1143 nec
564 1079 722 1145 historias
736 1083 821 1146 sciat
835 1099 967 1146 omnes:
1111 1083 1179 1148 460

64 1239 194 1304 dotorum
229 1241 309 1292 Rebus
324 1245 398 1293 ettam
405 1243 487 1308 probb
497 1243 585 1293 limites
595 1244 663 1292 docto
676 1244 822 1309 proscribit.
856 1245 984 1296 Esisrsero
1000 1261 1052 1310 psoe
1066 1248 1119 1296 rsit
1135 1263 1178 1311 op-

61 1319 151 1366 parers
158 1306 258 1356 siusium
269 1309 376 1372 eiopsess
386 1313 409 1358 et
420 1311 524 1371 erudito,
532 1323 589 1358 eam
600 1313 692 1374 oportet
702 1315 777 1359 restes
787 1309 896 1372 colligere
915 1313 947 1360 sd
964 1311 1090 1361 dimidiare
1105 1326 1178 1375 uspus

64 1367 162 1442 ttbs'ass,
172 1377 350 1422 nemmacture
361 1373 473 1437 spreto,
492 1381 571 1438 atque
582 1373 645 1422 inire
662 1374 746 1423 butum
766 1389 813 1438 pro
832 1377 969 1438 quadrante.
1001 1375 1110 1426 Foesss'ss
1125 1391 1178 1439 psa

64 1432 113 1480 tabi
124 1436 234 1508 populato
247 1436 353 1502 maudut,
369 1453 398 1486 ιιι
415 1442 494 1488 teneat
506 1439 611 1500 loquendi
622 1439 746 1497 rationem,
766 1441 804 1488 oei
816 1439 885 1489 breve
901 1441 1047 1504 enthymema
1057 1439 1178 1500 jaculetur

64 1502 173 1548 orduone
183 1500 338 1552 circumacta:
356 1517 428 1566 seque
443 1503 554 1552 mosmos
564 1504 649 1552 cureat
665 1503 802 1562 miserm
817 1519 898 1553 seren
907 1519 920 1552 s
928 1503 1046 1554 codicibus
1054 1508 1179 1571 mdis,

531 1629 679 1649 ΙΙΙΙΙΙΙΙΙ
681 1631 712 1651 Μ

60 1709 145 1775 potuit
161 1713 284 1762 trs-tas
302 1713 419 1778 Imposuit
438 1716 479 1763 11.
512 1729 528 1762 o
546 1714 614 1763 rebus
632 1719 756 1764 rto-trs
775 1716 840 1764 Nam
851 1717 908 1779 pais
925 1719 967 1766 17.
1001 1715 1178 1765 Norsst'dorts

63 1779 109 1824 25.
120 1779 160 1825 97.
173 1780 255 1826 4649.
268 1782 351 1828 6469.
363 1783 404 1828 64.
416 1783 457 1827 65.
469 1783 510 1828 77.
543 1778 621 1827 serbis
631 1793 678 1842 pro
688 1780 762 1828 simis
778 1783 961 1834 lo-ttosst
984 1781 1082 1830 extrusi
1099 1795 1115 1829 e
1136 1783 1177 1831 1⁸.

62 1837 228 1901 audivissem
239 1842 351 1892 maiebst
364 1843 489 1904 Scaliger.
521 1844 573 1892 Sed
584 1844 692 1908 vulgata
701 1844 780 1893 lectio
798 1846 864 1894 bene
883 1861 911 1895 sa
928 1844 1099 1894 habet—itt
1118 1846 1176 1893 Cre·

62 1905 123 1952 dere
139 1907 262 1956 12.-·449
277 1907 341 1956 baud
353 1922 401 1971 pro
411 1913 452 1956 urst
462 1912 501 1956 1⁵.
534 1923 630 1956 curatam
641 1913 666 1956 2.
679 1913 703 1956 9.
716 1913 756 1957 19.
770 1914 809 1957 11.
822 1914 862 1960 12.
874 1914 957 1960 14-22.
969 1913 1009 1958 24.
1025 1913 1065 1958 26.
1076 1912 1117 1958 28.
1134 1913 1176 1957 45.

63 1971 109 2018 49.
125 1973 216 2018 'ib-⁷⁰.
230 1975 322 2020 sust.
357 1972 408 2020 Sed
420 1977 512 2021 turtum
522 1975 563 2022 23.
575 1975 616 2020 25.
627 1976 668 2021 27.
678 1975 721 2020 46.
732 1977 773 2022 47.
787 1977 828 2021 48.
847 1979 889 2022 bd.
906 1977 991 2024 64-74.
1008 1977 1049 2023 77.
1072 1972 1176 2038 probb.

64 2032 183 2096 Graevio,
194 2040 221 2084 et
233 2035 326 2084 Heins.
337 2035 369 2084 sd
380 2035 458 2086 Ouid.
467 2037 539 2085 Fast.
549 2049 579 2084 ιι.
590 2040 648 2085 tufi.
682 2036 727 2086 ubi
744 2037 810 2085 hanc
822 2051 912 2086 vocem
923 2039 949 2086 in
958 2037 1047 2087 moitis
1059 2043 1176 2086 veterum

65 2097 225 2162 scriptorum
236 2099 299 2149 loeis
311 2100 435 2151 restituit.
468 2114 562 2150 carram
574 2103 696 2150 tin—4⁶⁰
713 2101 856 2150 enthimema
876 2107 915 2152 19.
935 2107 976 2153 2⁰.
995 2106 1035 2152 46.
1053 2103 1177 2152 animem

566 2213 673 2265 NOTAE
685 2207 687 2212 ’

8 2284 15 2297 ’
64 2313 162 2373 putare
172 2309 204 2359 de
215 2326 314 2363 summo
324 2312 402 2378 bono,
411 2319 438 2363 et
447 2312 480 2363 de
492 2312 601 2363 honesta
642 2327 691 2361 one
704 2311 841 2364 familiaris
853 2312 925 2364 faeta
936 2321 994 2363 erat
1005 2311 1176 2363 balneatori!

8 2384 14 2397 ⁸
61 2387 293 2440 vireudiratioue.
641 2391 737 2441 Horat.
749 2392 828 2442 Satir.
847 2406 867 2441 ι.
878 2396 903 2442 t.
919 2391 928 2420 ⁴
942 2391 1096 2443 Quadrante
1107 2392 1178 2440 lavs-

7 2448 16 2489 i

7 2816 16 2856 Ι

99 2465 149 2512 446
167 2467 243 2513 crure
252 2470 329 2530 tersus,
339 2466 391 2530 bc]
406 2466 514 2516 Virilem
521 2465 600 2515 etiam
641 2471 696 2515 tum
709 2468 767 2516 Rex
783 2468 851 2518 ibis:

62 2538 182 2589 habitum
191 2541 253 2605 qniu
263 2544 388 2593 assumit?
420 2545 502 2592 Vetus
515 2543 600 2592 Schoi.
674 2547 724 2592 446
741 2542 898 2605 tibijescto]
910 2542 964 2591 Per
974 2541 1177 2591 matrimonium.

63 2615 177 2666 Quintil.
189 2615 232 2666 iib.
244 2631 276 2667 ιι.
294 2633 352 2682 cap.
374 2618 464 2668 ultimo
485 2618 522 2667 sic
533 2618 600 2668 Ora·
673 2621 723 2668 449
740 2617 845 2668 Dicendi
853 2617 940 2681 genes]
956 2617 990 2668 ld
1001 2624 1051 2679 est,
1067 2632 1099 2667 ne
1111 2633 1179 2667 uxor

63 2691 119 2742 tori
146 2691 293 2754 prescribit
328 2695 440 2744 vestium
475 2691 599 2746 formam:
642 2701 689 2745 tua
700 2695 802 2746 doctior
821 2698 864 2747 sit.
898 2697 940 2747 Ne
960 2695 1177 2760 Grammaticam,

62 2769 188 2820 ‘Tunicas
205 2771 336 2834 prioribus
358 2774 411 2822 oris
431 2769 500 2822 infra
517 2787 602 2836 genna
642 2773 822 2836 Rhetoricam
832 2772 1083 2824 Dialecticamscire
1094 2772 1175 2821 velit:

63 2845 185 2912 panium,
213 2848 401 2910 posterioribus
433 2848 466 2898 sd
500 2849 601 2900 medios
642 2863 691 2899 nec
715 2850 824 2914 proinde
840 2850 964 2900 observet
979 2849 1054 2899 vsris
1071 2848 1180 2898 dicendi

62 2922 182 2988 poplites
194 2939 274 2988 usque
283 2925 447 2990 perveniant.
482 2925 551 2976 Nam
563 2926 601 2975 in-
643 2939 751 2990 geners,
768 2927 889 2989 sublime,
904 2926 1011 2988 humile,
1030 2925 1175 2987 mediocre,

7 3059 12 3082 v
64 3000 110 3050 t'ra
132 2999 268 3050 mulierum
289 3008 340 3066 est,
362 3016 442 3066 snpra
464 3001 601 3053 centurio·
642 3017 690 3068 pro
701 3002 858 3053 diversitate
870 3016 955 3052 rernm
967 3017 1031 3068 quas
1042 3001 1166 3066 loquitur.

62 3093 128 3129 num
138 3080 289 3143 -Togre
308 3094 369 3144 pars
380 3080 496 3130 anterior
508 3080 602 3130 mediis
673 3081 727 3130 Aut
737 3086 829 3130 cartus
839 3095 943 3130 serram
958 3085 1047 3140 rotate,
1063 3078 1116 3142 ba]
1133 3079 1177 3130 Ne

62 3153 184 3204 cruribus
197 3155 294 3218 optime
306 3154 480 3217 terminatur,’
490 3158 540 3206 &c
643 3155 752 3206 affectet
767 3163 849 3206 artem
866 3149 1052 3218 Dialecticarfi,
1068 3157 1175 3220 ejusque

8 3213 13 3310 ἱ
98 3235 147 3286 447,
166 3231 376 3298 Cadersdytmso
387 3232 494 3296 porum]
511 3233 602 3282 Debet
643 3240 788 3296 precepta.

8 3350 16 3387 ‚
62 3311 146 3360 etism
158 3325 210 3360 non
221 3319 251 3361 nt
260 3313 363 3375 mulier,
381 3313 486 3371 Cereri;
504 3312 551 3362 sed
572 3317 602 3361 ut
675 3315 725 3358 449
743 3311 845 3358 Cortum
855 3305 1014 3372 enthymema]
1031 3307 1175 3356 Genusar-

7 3427 16 3464 f
62 3387 115 3450 vir,
128 3386 237 3450 sylvano
247 3387 404 3438 sacrificare.
436 3387 553 3451 Spicum
565 3385 600 3434 A·
642 3387 846 3450 gumentationis
857 3387 959 3438 duabus
977 3396 1100 3438 constans
1116 3401 1176 3450 pro·

63 3477 171 3528 grorum
192 3469 221 3513 et
240 3465 343 3528 pecoris
358 3466 448 3522 Deus,
466 3463 508 3512 cui
520 3463 601 3511 Sacra
642 3463 826 3526 positionibus,
843 3465 924 3514 tertia
937 3463 1131 3526 subintellecta,
1147 3468 1177 3511 et

8 3575 9 3601 ,
62 3541 156 3590 facere
166 3540 316 3590 mulieribus
328 3539 511 3590 interdictum:
531 3543 600 3588 testa
641 3539 668 3588 in
681 3540 767 3588 animo
784 3545 890 3589 retenta
909 3539 934 3587 o
950 3541 1027 3599 θνμᾷ;
1045 3538 1115 3587 uude
1131 3551 1176 3586 no·

8 3662 13 3691 i

8 3606 10 3616 ’
63 3624 120 3666 vet.
137 3616 223 3665 Schoi.
256 3616 333 3669 Quod
356 3623 442 3666 sutem
464 3616 600 3668 ,iuvenalis
641 3630 710 3665 men.
744 3617 827 3665 Paulo
846 3616 922 3665 aliter
941 3616 1034 3665 Cicero
1050 3614 1175 3677 Topicor.

9 3737 15 3766 1
63 3693 114 3754 ait,
123 3698 310 3754 mrmmnomt
321 3691 434 3741 fortasse
444 3692 601 3756 Epicuream
642 3699 666 3742 6.
684 3696 692 3720 ‘
706 3694 844 3743 sententis
860 3694 960 3759 quaevis
972 3699 1050 3742 acuta
1065 3706 1125 3757 quae
1141 3705 1175 3740 ex

9 3779 10 3784 ’
61 3769 171 3819 Sectam
183 3783 213 3817 sc
222 3767 397 3832 disciplinam,
417 3783 493 3833 qnam
506 3782 600 3818 eamn·
640 3769 780 3819 contrariis
789 3769 936 3834 conficitur,
944 3769 1110 3832 enthymema
1119 3775 1175 3827 est;

50 3845 115 3895 ,iier
126 3845 248 3908 amplexa
265 3846 308 3895 sit.
643 3854 681 3908 ut,
699 3844 769 3910 quod
788 3846 838 3894 scis
849 3845 1040 3914 prodestnibii,
1057 3843 1085 3892 id
1104 3843 1174 3908 quod

11 3910 14 3922 ’
100 3921 242 3976 Qsodraste
253 3921 341 3983 iocari]
359 3920 400 3971 Ad
410 3923 491 3971 instsr
503 3937 601 3986 paupe·
641 3924 729 3972 nescis
746 3923 843 3971 obestz’
861 3931 889 3971 et
900 3937 926 3970 n.
936 3925 977 3970 66.
1004 3919 1175 3970 ‘Haedina-

9 3993 10 4002 '
63 4014 125 4050 rum
151 3997 378 4062 Philosophorum,
406 4000 450 4064 qui
483 4000 601 4049 iuvantes
642 3999 809 4061 rendigeuus
825 3997 933 4058 attingit
953 3997 1058 4045 omnino
1076 4003 1175 4046 vestras

9 4125 11 4134 ,
63 4081 187 4140 quartam
200 4075 378 4138 assiepartem
388 4074 601 4124 Balneatorisoi·
642 4091 746 4142 quoque
768 4076 795 4124 in
814 4073 997 4138 respondendo
1017 4075 1174 4138 disputatio·

9 4141 11 4156 ¹
64 4149 183 4209 vehant;
213 4150 280 4199 sicut
308 4155 335 4200 et
361 4165 450 4200 omnes
474 4165 489 4198 a
516 4149 600 4212 vulgo.
641 4167 698 4213 nes,
719 4151 765 4199 sed
778 4151 995 4213 Philosophorum
1012 4153 1102 4215 magis,
1117 4153 1174 4216 qui·

9 4271 13 4297 ,
64 4227 124 4278 Cic.
144 4241 192 4290 pro
211 4227 308 4276 Coeiio:
326 4228 406 4276 ‘Nisi
427 4225 497 4275 forte
508 4226 600 4274 mulier
641 4227 689 4276 bus
719 4233 761 4276 eat
791 4241 850 4275 cum
879 4227 1036 4279 Oratoribus
1063 4229 1110 4278 iiia
1140 4244 1175 4277 ex

63 4312 161 4370 potens
179 4303 366 4368 quadrantaria
385 4304 430 4354 iiis
447 4305 598 4367 permutati·
642 4301 849 4369 repugusutibus
871 4304 1009 4364 sententiis
1032 4304 1176 4357 communis

131 4384 257 4450 Delphos
272 4383 330 4435 Vns.
344 4385 408 4434 cto.
602 4390 662 4440 Jts.
1055 4386 1112 4436 2ss
1207 4457 1210 4464 Ι
