2817 4792
405 1075 853 1158 SERENISSIMO

213 1389 1040 1530 DELPHINO

361 1793 637 1863 LUDOVICUS
661 1793 894 1862 PRATEUS.

538 2083 717 2104 θθΙΙΟΗΜΝ

70 2259 177 2348 Nnc
192 2277 353 2346 Sotiricos
367 2279 534 2345 evolvisse
556 2281 670 2365 pigeat
693 2279 755 2358 Tc,
782 2281 1039 2346 Susnurssrrsn
1063 2279 1180 2344 Prus-

71 2397 178 2446 cnrs.
222 2380 301 2460 Quo
315 2381 471 2464 amplius,
487 2385 558 2446 tum
580 2381 775 2446 domesticis
796 2381 963 2463 exemplis
981 2385 1051 2444 tum
1070 2379 1181 2444 indoio

70 2480 229 2566 proprio,
239 2481 388 2547 odomnc
402 2483 526 2546 bonum
540 2481 712 2545 institutus
727 2500 783 2560 es3
804 2483 869 2546 boc
883 2481 989 2565 magis
998 2480 1181 2548 delectabit

70 2581 307 2648 Romanorum
321 2584 413 2661 vitia,
431 2603 507 2666 quae
523 2587 557 2646 ct
569 2587 684 2646 nostra
699 2589 788 2659 sunt,
802 2582 914 2647 vidore
938 2583 1063 2665 possim
1088 2583 1181 2648 dam-

70 2689 176 2764 nato3
208 2685 363 2748 virtutem
386 2705 466 2748 vero
489 2685 613 2766 ubique
636 2684 825 2761 amabilem,
849 2685 973 2767 ubique
996 2685 1179 2751 laudatam.

71 2785 177 2852 Fortc
190 2785 291 2850 ctiam
304 2787 452 2868 placebit
460 2785 627 2850 divorsum
638 2784 787 2848 conterre
798 2786 967 2868 utriusque
978 2788 1041 2850 viri
1054 2789 1180 2870 stytum

71 2893 106 2952 ct
133 2888 309 2970 ingenium,
325 2887 432 2952 cidem
456 2891 564 2950 tomen
588 2886 708 2952 Sotirae
731 2887 833 2951 nihilo
858 2887 968 2950 socius
993 2894 1179 2970 operatum.

71 2986 271 3055 Facundum
295 2988 372 3052 hinc
400 2987 553 3067 Potitum,
575 2993 613 3054 ut
638 2989 767 3067 acriter,
791 2989 841 3053 sic
866 2995 900 3056 ct
923 2988 1053 3066 diserte,
1069 2991 1179 3058 scelus

69 3091 341 3174 proscribentcrn,
355 3109 421 3154 uon
444 3091 515 3156 sinc
537 3089 710 3173 voluptoto
729 3091 941 3174 comparabis
957 3111 1033 3155 cum
1046 3111 1180 3158 morosa

68 3193 140 3270 ills,
155 3193 281 3271 stricta,
297 3193 388 3257 salso
401 3192 577 3257 dicacitate
592 3191 714 3270 Persii,
738 3211 888 3256 severam
905 3191 1094 3256 Stoicorum
1107 3193 1177 3258 dis·

68 3292 232 3375 ciplinam
255 3299 385 3358 sbenuc
404 3293 614 3358 venditantis.
660 3292 766 3376 Apud
791 3293 880 3357 hunc
903 3299 992 3357 certo
1014 3293 1179 3376 praeclaro

68 3397 121 3458 tot
148 3393 326 3478 sapientiae
348 3394 482 3458 oracula
500 3409 567 3457 uon
590 3395 821 3478 aspernabere.
865 3393 967 3476 Apud
987 3395 1079 3458 illum
1100 3413 1178 3460 vcro

71 3513 174 3578 quam
203 3495 309 3560 multo
335 3499 517 3572 occurrent,
540 3494 755 3578 jucundeque
776 3494 877 3577 leges,
905 3493 1057 3560 felicibus
1084 3496 1177 3566 hisce

69 3595 275 3678 temporibus
290 3595 559 3660 accommodato!
583 3591 671 3660 Hmc
693 3596 847 3679 inprimis
868 3595 1057 3662 Lunovrct
1080 3615 1173 3678 mog·

69 3695 253 3760 nitudincm
268 3695 492 3761 exhibebunt:

159 3791 206 3858 Et
220 3817 285 3882 sper
298 3808 328 3862 et
341 3797 422 3860 ratio
437 3795 606 3862 studiorum
620 3797 654 3860 in
671 3795 791 3863 Casan
804 3807 938 3878 tontum,

159 3894 252 3960 Solus
267 3899 348 3962 enim
364 3900 466 3964 tristes
480 3897 537 3962 hoc
552 3909 728 3986 tempestate
745 3897 905 3964 Comum

163 3995 324 4085 Respexit.

72 4101 158 4168 Item
172 4103 257 4167 ista:

156 4203 230 4289 Sper
245 4203 317 4267 vitu
333 4225 399 4268 cum
417 4203 488 4270 Sole
502 4205 592 4272 rodit.

137 4320 225 4387 nupt
236 4325 261 4372 ct
277 4319 334 4373 Vr.
347 4321 413 4372 cto.
583 4323 642 4374 duo.
