2817 4792
504 426 557 476 nu
578 427 660 476 sar.
682 427 751 476 vn.
1099 413 1163 488 467

61 575 194 637 auctore
216 571 343 639 Fabio:
372 593 450 657 ergo
472 573 507 638 lr.
530 575 554 638 l.
569 573 768 638 declamatio
797 572 839 636 de
869 576 1017 658 &renuis
1045 578 1160 662 ejectis

60 673 221 738 Cambrc?
263 674 403 758 Seoppa
426 683 586 759 provocat
610 676 653 740 ad
675 678 905 744 auctoritatem
925 679 1030 743 libelli
1054 679 1159 746 Mira·

58 777 176 840 bilium
195 777 422 855 Puteolorum,
444 779 478 841 in
511 797 578 861 quo
604 779 679 842 lraee
708 781 874 861 leguntur:
905 779 987 845 ‘Ad
1014 782 1161 846 radicem

58 881 180 943 montis
209 877 326 957 Gauri,
354 880 398 944 ab
434 880 605 953 occidente
628 880 671 943 ad
699 882 854 946 orientem
884 902 1051 962 accessus,
1081 885 1162 950 olim

59 983 155 1045 vicus
176 979 251 1058 fuit,
269 980 404 1046 Cambre
417 982 540 1059 dictus,
551 983 722 1046 meridiem
742 985 939 1068 respiciens,
953 1004 1040 1050 nuno
1051 991 1162 1052 vetus-

60 1087 126 1146 tate
141 1088 353 1163 consumtus3
375 1084 407 1146 is
421 1083 514 1147 locus
529 1084 638 1148 dictus
652 1081 786 1156 Camere
801 1089 897 1168 quasi
910 1085 1047 1151 (lamera
1059 1103 1161 1160 :uam

59 1185 152 1248 locus
164 1188 246 1261 erat,
260 1185 318 1248 ubi
335 1181 472 1247 Camere
486 1190 519 1248 et
529 1180 715 1275 Apothecae
732 1185 844 1250 multae
858 1191 962 1264 erant,
977 1187 1013 1250 in
1035 1189 1161 1271 quibus

59 1286 195 1349 narium
218 1284 485 1362 Puteolanamm,
508 1290 542 1349 et
568 1283 690 1348 Miseni
716 1285 984 1370 Baiauorumque
1008 1295 1161 1371 portuum

60 1407 144 1452 onus
158 1389 256 1452 suum
280 1387 524 1472 deportandum
538 1407 599 1470 per
613 1388 698 1451 alias
713 1388 863 1469 regiones
887 1388 996 1454 Italiae
1020 1391 1162 1474 depone-

59 1490 165 1556 batur.
210 1490 279 1555 Hic
292 1492 388 1554 vicus
412 1508 501 1553 nunc
524 1494 676 1571 corrupte
699 1507 721 1553 a
746 1489 992 1572 circumpositae
1017 1493 1162 1573 regionis

59 1590 259 1667 homiuibus,
281 1591 423 1655 nominis
446 1589 569 1655 vetusti
592 1589 730 1672 ignaris
757 1586 920 1673 campana
946 1597 1096 1671 vocatur,
1119 1613 1162 1658 eo

59 1692 150 1774 qued
164 1690 335 1775 Campani,
356 1692 379 1756 i.
405 1713 436 1756 c.
457 1689 658 1773 Capuaui,a
682 1689 840 1754 Cumanis
867 1691 989 1756 ibidem
1008 1693 1162 1761 dicunnrr

60 1812 133 1858 csse
156 1793 311 1858 conflictu
332 1794 495 1875 superati:
517 1791 562 1855 ob
584 1793 679 1876 cujus
703 1791 876 1856 condictus
896 1795 1089 1859 memoriam
1111 1801 1163 1862 est

58 1893 200 1958 historia
215 1893 403 1976 composita
419 1888 552 1954 Camere
565 1892 668 1969 dicta,
683 1912 759 1974 quae
775 1911 796 1955 a
809 1894 974 1974 magistris
988 1896 1023 1958 iu
1036 1897 1163 1962 scholis

58 1993 322 2079 frequentissime
335 1994 516 2058 dicebatur.
561 1991 661 2056 Unde
683 1991 706 2055 J
708 1991 875 2057 urenalis:
894 1989 1018 2058 Occidit
1039 1993 1163 2061 mirem

63 2091 197 2158 Camere
211 2117 238 2160 r.
248 2095 300 2157 m?
315 2095 405 2160 Haec
418 2093 620 2174 nimislonge
634 2092 738 2176 petita
751 2092 852 2158 etiam
866 2092 1000 2158 Pithoeo
1011 2094 1162 2161 arrisisse

58 2197 198 2262 mireris.
241 2196 402 2280 Exagitet
414 2214 456 2261 ea
468 2193 625 2260 Politian.
641 2191 787 2258 Miscell.
801 2211 831 2258 e.
848 2193 902 2258 33.

481 2511 734 2528 -ῌ

422 2724 801 2804 EXCURSUS

463 2923 843 3017 mmmm'

98 3155 322 3248 Accaeuoi'tas
335 3151 810 3235 nomeufioticiumpaedagogi,
825 3149 915 3236 qnod
929 3151 1055 3216 restitui
1068 3159 1161 3218 eret.

63 3257 178 3331 Schol.
201 3255 260 3345 qui
281 3255 438 3337 exponit:
461 3251 661 3317 ‘Eunuchus
684 3251 901 3342 pedagogus,
921 3258 980 3317 eut
999 3255 1162 3318 communi

61 3377 179 3423 carens
193 3353 522 3437 commaerentem)
534 3355 703 3439 proprium
716 3353 872 3437 papatis?
915 3352 967 3416 Gt.
984 3351 1070 3418 Geli.
1088 3369 1160 3418 xn.

63 3459 119 3523 12.
133 3458 222 3523 etde
239 3465 378 3542 pupputc
392 3477 467 3539 sup.
480 3455 523 3520 ad
544 3472 594 3519 vl.
609 3455 688 3519 633.
733 3453 945 3517 Acerronaetus
965 3455 1020 3518 70.
1038 3455 1093 3520 75.
1108 3455 1164 3521 76.

61 3559 117 3623 81.
132 3557 188 3624 82.
211 3557 303 3641 quod
323 3561 439 3641 putant
451 3576 526 3620 esse
546 3555 659 3622 Graec.
681 3553 871 3633 deerraturos,
895 3556 1020 3620 alienus
1034 3575 1053 3620 e
1066 3554 1163 3619 iami-

61 3661 140 3726 liari
163 3661 410 3739 cousuetudine,
431 3660 485 3746 (ut
499 3680 554 3744 ap.
570 3659 642 3723 Gie.
659 3659 703 3723 ad
725 3656 796 3724 Art.
812 3675 862 3722 vr.
877 3659 910 3724 1.
927 3663 960 3723 et
972 3654 1023 3742 3.)
1032 3661 1065 3720 ot
1086 3655 1163 3720 hinc

62 3782 231 3845 arrogans,
258 3763 312 3828 vel
338 3762 475 3844 rigidus,
503 3781 647 3825 severus.
707 3759 864 3842 Grangaei
885 3764 964 3822 nota
986 3763 1038 3822 est
1065 3757 1162 3822 haec:

63 3862 282 3942 ‘'Axcrrdmroc
307 3862 440 3929 Graecis
467 3867 520 3926 est
547 3865 664 3925 exacte
690 3879 806 3924 verum
830 3865 1020 3952 rectumque
1052 3875 1165 3942 perse-

63 3986 193 4052 quens;
216 3967 270 4030 vel
288 3968 347 4050 qui
368 3965 450 4032 nihil
473 3965 573 4028 habet
589 3983 666 4028 eum
685 3963 754 4027 alio
772 3979 965 4041 communc3
991 3959 1048 4024 aut
1069 3961 1165 4044 cujus

63 4069 147 4133 alter
159 4070 329 4152 particeps
342 4085 406 4130 non
419 4071 488 4130 cst:
509 4065 564 4128 lric
584 4065 673 4130 enim
694 4063 896 4148 paedagogus
920 4062 1059 4145 partitur
1082 4061 1165 4131 arte-

62 4169 135 4233 rius
148 4167 346 4245 mercedem,
363 4172 399 4230 at
410 4184 507 4229 nemo
521 4185 598 4229 cum
613 4165 695 4230 illo.'
738 4164 807 4230 Sed
822 4163 982 4230 Schumll.
989 4164 1062 4248 jam
1075 4153 1164 4230 recte

61 4271 205 4350 monuit,
218 4268 270 4334 ita
289 4267 495 4333 Acuuonetur
511 4267 723 4334 scribendum
743 4285 828 4348 esse,
846 4265 935 4352 quod
958 4270 1069 4332 tamen
1090 4263 1123 4330 u.
1139 4265 1164 4330 1.
