2817 4792
223 373 292 440 512
686 381 886 434 excussus

224 527 363 594 clamet
377 547 480 592 omres
491 525 547 592 27.
559 527 617 592 ⁷7.
642 523 735 588 Haec
748 543 829 588 sero
842 529 962 590 contu
974 529 1123 590 mentun
1137 523 1253 608 politur
1266 523 1330 600 diei,

224 632 324 698 lucile
337 631 540 712 intelligitur,
553 646 661 710 neque
681 647 752 690 rem
774 624 968 710 expediunt,
981 627 1042 709 qui
1068 626 1331 709 interponentur:

224 733 442 800 vociferentur
456 749 583 807 omnes,
598 728 658 814 qui
671 734 750 793 sunt
771 729 805 790 in
831 727 996 805 conclavi,
1011 746 1065 804 ne,
1081 727 1146 809 qui
1164 727 1248 792 loris
1271 731 1333 801 siri,

225 834 418 911 exaudiunt,
434 833 516 917 quid
531 833 564 894 in
578 850 619 893 eo
634 835 759 912 egetur.
803 827 872 894 Cur
886 829 974 893 enirn
988 827 1087 893 multi
1104 837 1192 894 sunt
1206 832 1241 892 in
1256 831 1334 894 nulri-

225 937 324 1004 oulnl
354 944 388 1002 et
403 955 461 1001 cnr
474 937 632 1012 clement,
647 934 677 997 si
691 951 789 996 nemo
802 951 909 1018 prope
922 931 1114 996 recumbitl
1141 951 1207 994 cnr
1218 933 1333 996 noctnl

224 1057 332 1103 nonne
345 1039 394 1103 itu
406 1037 551 1102 clumore
561 1055 625 1100 suo
639 1033 868 1100 donnientese
881 1050 999 1096 somno
1013 1031 1134 1115 polius
1146 1035 1335 1110 excitarat,

224 1139 403 1224 locumque
417 1139 532 1203 dment
544 1136 730 1221 suspicioni
748 1135 905 1200 facinoris
919 1133 1010 1210 mali,
1025 1134 1082 1197 rel
1107 1152 1249 1218 megum
1263 1135 1336 1200 adso

226 1237 562 1306 celemitmisl-Sed
576 1243 691 1301 nostru
704 1255 838 1319 quoque
862 1234 962 1298 lectio
987 1253 1055 1298 non
1069 1235 1163 1298 sutis
1180 1239 1337 1314 convenit,

225 1348 261 1408 et
272 1343 400 1408 mireris
413 1361 488 1406 eum
510 1338 642 1402 silentio
655 1337 912 1421 praetermissum
935 1353 1009 1398 esse
1032 1337 1077 1400 sb
1105 1337 1338 1422 interpretibus

226 1463 268 1508 sc
283 1443 406 1508 nemini
417 1441 631 1525 displicuisse
651 1443 773 1522 prreter
792 1437 1043 1506 Schurslleisch.
1058 1440 1122 1522 qui
1144 1447 1252 1518 recte,
1278 1443 1340 1524 opi·

225 1564 298 1621 nor,
312 1549 432 1620 monet,
446 1543 666 1626 resapere
679 1539 748 1605 diei
764 1561 874 1616 omnes,
897 1543 1003 1608 sisoli
1017 1547 1078 1606 aut
1093 1542 1171 1606 uni
1184 1545 1251 1606 snt
1265 1545 1338 1608 mn
1380 1528 1381 1598 ἰ

226 1646 412 1711 conclavia.
458 1642 550 1708 Hinc
573 1641 741 1707 emendet:
783 1638 893 1704 Tollite
916 1632 1016 1708 lumen
1043 1639 1076 1706 Ε
1101 1641 1223 1720 medio,
1248 1645 1337 1708 clere

226 1767 337 1826 omne,
349 1766 444 1830 prope
454 1765 540 1807 nemo
552 1742 717 1807 recumbat.
741 1741 789 1806 At
799 1743 873 1807 haec
884 1744 1051 1826 languent,
1065 1747 1235 1826 quoniam
1246 1747 1335 1810 verbs

216 1853 320 1936 junge
341 1845 420 1910 ostio
442 1845 646 1930 precedunt.
699 1841 865 1929 Equidem
888 1846 1006 1910 leviori
1028 1848 1225 1912 mutatione
1251 1867 1336 1932 repo
1384 1907 1385 1910 ,

227 1951 370 2017 nendum
383 1947 597 2016 crediderim:
607 1945 741 2032 jaceam
757 1946 830 2010 scil.
844 1947 978 2012 inlecto
992 1967 1021 2012 s.
1038 1967 1177 2026 somno,
1187 1957 1222 2014 et
1237 1950 1335 2014 medis
1385 1991 1386 2014 r

227 2060 336 2130 nocte,
353 2048 411 2127 (orl
427 2057 551 2112 coretum
573 2043 657 2131 galli
679 2067 732 2112 vs,
756 2047 831 2112 107.
855 2067 921 2132 quo
946 2049 1170 2132 potissimum
1197 2059 1333 2136 tempore
1386 2084 1387 2112 l

228 2151 356 2238 uliquid
368 2152 457 2217 cium
471 2150 541 2214 lieri
555 2153 668 2232 potest
681 2167 721 2212 uc
737 2147 834 2228 solet)
849 2169 949 2212 omrres
967 2151 1103 2234 reliqui,
1119 2155 1183 2236 qui
1199 2155 1234 2217 in
1247 2154 1336 2218 domo

228 2263 315 2334 sunt,
329 2260 364 2320 et
377 2251 510 2337 quidem
523 2251 642 2316 remoti
657 2271 679 2315 u
692 2251 849 2316 cubiculo
861 2251 994 2328 domini,
1004 2273 1108 2336 prope
1124 2275 1217 2317 recuro
1233 2277 1337 2318 recun-

228 2357 296 2421 lot.
340 2354 541 2438 conjectura
565 2359 673 2416 tamen
695 2353 856 2420 Schurnfl.
879 2354 1020 2418 arridere
1043 2362 1178 2438 potest,
1191 2360 1338 2441 quonism

226 2459 260 2523 τὸ
275 2467 398 2522 taceant
412 2455 518 2539 magis
529 2473 630 2540 qnam
644 2455 676 2518 τὸ
691 2453 823 2520 clament
838 2454 1106 2522 emmdolionem
1120 2459 1269 2524 redolet:
1283 2462 1337 2522 nisi

227 2563 311 2643 forte
326 2559 453 2626 sciolus
466 2559 588 2642 uliquis
615 2557 837 2623 scholasticus
851 2559 953 2622 verbe
966 2567 1096 2624 taceant
1121 2583 1229 2626 omna
1242 2563 1338 2628 minus

228 2666 261 2729 lr.
276 2665 299 2729 l.
314 2680 494 2746 congruere
509 2660 649 2744 pulerit,
665 2679 764 2743 quum
779 2659 910 2722 clament
927 2679 1040 2728 omres.

634 2949 930 2965 m

567 3121 994 3248 excussus

636 3385 688 3436 AD
705 3387 779 3438 siu.
798 3385 848 3436 lx.
867 3389 922 3436 121.

275 3575 319 3641 ΙΝ
359 3577 479 3656 verbis,
502 3577 558 3663 qul
580 3576 660 3642 liber
690 3599 751 3640 non
785 3579 855 3656 eril,
891 3577 1038 3643 fraudem
1062 3577 1171 3644 lutere
1195 3583 1334 3646 arbitror.

231 3679 445 3761 Displicuere
460 3679 559 3742 etium
574 3679 765 3757 Pluthnero,
780 3682 836 3763 qui
860 3685 967 3744 tamen
980 3697 1072 3743 more
1088 3699 1154 3744 suo
1172 3683 1224 3746 its
1240 3703 1335 3766 nugs-

229 3786 300 3845 tur:
318 3779 555 3862 ‘Negligenter
568 3780 745 3845 admodum
755 3781 933 3846 invs.121.
948 3783 1153 3863 interpretem
1168 3789 1208 3848 ut
1218 3787 1333 3868 quibus

229 3899 271 3945 ne
285 3883 431 3962 suspicio
445 3881 580 3965 quidem
601 3881 712 3946 mendi
735 3882 921 3948 certissimi.
966 3879 1093 3944 Verum
1117 3881 1333 3961 dicantmilri,

229 3981 304 4065 quis
319 3988 384 4044 turn
398 3981 500 4046 miser
509 4001 656 4065 unquam
669 4001 795 4060 servuS,
817 3984 871 4046 cui
885 4002 947 4046 nec
969 4001 1049 4066 spes
1071 3983 1263 4049 libertatis?
1284 3994 1334 4049 sut

230 4080 306 4164 quis
328 4099 445 4146 sensus
468 4083 528 4146 sit:
566 4081 630 4153 Ille
653 4101 777 4161 servus„
809 4083 866 4166 qui
889 4101 1056 4167 nunquam
1081 4085 1177 4164 liber,
1199 4083 1333 4152 deterior

228 4182 357 4248 serviet
381 4179 417 4248 N
418 4201 473 4248 ern
487 4204 538 4250 vs.
551 4183 627 4252 122.
647 4186 850 4268 periphrasis
865 4187 951 4250 servi
966 4192 1025 4254 est.
1051 4184 1086 4255 N
1088 4205 1127 4251 eo
1143 4205 1225 4252 vero
1239 4187 1333 4271 cnlpr
