<?xml version="1.0" encoding="UTF-8"?>
<!DOCTYPE html PUBLIC "-//W3C//DTD XHTML 1.0 Transitional//EN"
    "http://www.w3.org/TR/xhtml1/DTD/xhtml1-transitional.dtd">
<html xmlns="http://www.w3.org/1999/xhtml" xml:lang="en" lang="en">
 <head>
  <title>
</title>
<meta http-equiv="Content-Type" content="text/html;charset=utf-8" />
  <meta name='ocr-system' content='tesseract 3.04.00' />
  <meta name='ocr-capabilities' content='ocr_page ocr_carea ocr_par ocr_line ocrx_word'/>
</head>
<body>
  <div class='ocr_page' id='page_1' title='image "./djuniijuvenalis04persgoog_0081.png"; bbox 0 0 2817 4792; ppageno 0'>
   <div class='ocr_carea' id='block_1_1' title="bbox 495 402 1169 472">
    <p class='ocr_par' dir='ltr' id='par_1_1' title="bbox 495 402 1169 472">
     <span class='ocr_line' id='line_1_1' title="bbox 495 402 1169 472; baseline 0.012 -8"><span class='ocrx_word' id='word_1_1' title='bbox 495 410 755 465; x_wconf 80' lang='grc' dir='ltr'><strong>ιιοιιιιιιοιιιιιι.</strong></span> <span class='ocrx_word' id='word_1_2' title='bbox 1123 402 1169 472; x_wconf 76' lang='lat' dir='ltr'><strong>ut</strong></span> 
     </span>
    </p>
   </div>
   <div class='ocr_carea' id='block_1_2' title="bbox 63 543 1190 3787">
    <p class='ocr_par' dir='ltr' id='par_1_2' title="bbox 63 543 1190 3787">
     <span class='ocr_line' id='line_1_2' title="bbox 66 543 1170 645; baseline 0.005 -21"><span class='ocrx_word' id='word_1_3' title='bbox 66 557 152 624; x_wconf 84' lang='lat' dir='ltr'><strong>larris</strong></span> <span class='ocrx_word' id='word_1_4' title='bbox 178 563 263 624; x_wconf 75' lang='lat' dir='ltr'><strong>stant.</strong></span> <span class='ocrx_word' id='word_1_5' title='bbox 310 557 410 637; x_wconf 78' lang='lat' dir='ltr'><strong>Quod</strong></span> <span class='ocrx_word' id='word_1_6' title='bbox 425 577 528 642; x_wconf 84' lang='lat' dir='ltr'><strong>genus</strong></span> <span class='ocrx_word' id='word_1_7' title='bbox 540 559 694 624; x_wconf 88' lang='lat' dir='ltr'><strong>lndorrrnr</strong></span> <span class='ocrx_word' id='word_1_8' title='bbox 708 559 753 623; x_wconf 87' lang='lat' dir='ltr'><strong>nh</strong></span> <span class='ocrx_word' id='word_1_9' title='bbox 766 555 869 627; x_wconf 82' lang='lat' dir='ltr'><strong>Oscis</strong></span> <span class='ocrx_word' id='word_1_10' title='bbox 883 567 1053 645; x_wconf 81' lang='lat' dir='ltr'><strong>acceptum</strong></span> <span class='ocrx_word' id='word_1_11' title='bbox 1067 543 1170 630; x_wconf 74' lang='lat' dir='ltr'><strong>ianne</strong></span> 
     </span>
     <span class='ocr_line' id='line_1_3' title="bbox 63 659 1170 743; baseline 0.006 -21"><span class='ocrx_word' id='word_1_12' title='bbox 63 661 231 743; x_wconf 69' lang='lat' dir='ltr'><strong>jur-entus,</strong></span> <span class='ocrx_word' id='word_1_13' title='bbox 257 679 321 724; x_wconf 89' lang='lat' dir='ltr'><strong>nec</strong></span> <span class='ocrx_word' id='word_1_14' title='bbox 335 662 377 724; x_wconf 91' lang='lat' dir='ltr'><strong>ah</strong></span> <span class='ocrx_word' id='word_1_15' title='bbox 391 661 605 726; x_wconf 77' lang='lat' dir='ltr'><strong>histrionibus</strong></span> <span class='ocrx_word' id='word_1_16' title='bbox 617 659 721 742; x_wconf 88' lang='lat' dir='ltr'><strong>pollui</strong></span> <span class='ocrx_word' id='word_1_17' title='bbox 735 678 839 742; x_wconf 84' lang='lat' dir='ltr'><strong>passa</strong></span> <span class='ocrx_word' id='word_1_18' title='bbox 857 667 919 725; x_wconf 84' lang='lat' dir='ltr'><strong>est.</strong></span> <span class='ocrx_word' id='word_1_19' title='bbox 964 661 1015 725; x_wconf 68' lang='lat' dir='ltr'><strong>a&gt;</strong></span> <span class='ocrx_word' id='word_1_20' title='bbox 1040 663 1170 729; x_wconf 86' lang='lat' dir='ltr'><strong>iustitu-</strong></span> 
     </span>
     <span class='ocr_line' id='line_1_4' title="bbox 67 761 1170 843; baseline 0.007 -19"><span class='ocrx_word' id='word_1_21' title='bbox 67 769 135 824; x_wconf 82' lang='lat' dir='ltr'><strong>turn</strong></span> <span class='ocrx_word' id='word_1_22' title='bbox 148 767 272 840; x_wconf 71' lang='lat' dir='ltr'><strong>namt,</strong></span> <span class='ocrx_word' id='word_1_23' title='bbox 295 767 332 825; x_wconf 89' lang='lat' dir='ltr'><strong>ut</strong></span> <span class='ocrx_word' id='word_1_24' title='bbox 345 767 476 826; x_wconf 83' lang='lat' dir='ltr'><strong>actores</strong></span> <span class='ocrx_word' id='word_1_25' title='bbox 491 761 717 826; x_wconf 70' lang='lat' dir='ltr'><strong>Atellanarum</strong></span> <span class='ocrx_word' id='word_1_26' title='bbox 730 779 791 825; x_wconf 87' lang='lat' dir='ltr'><strong>nec</strong></span> <span class='ocrx_word' id='word_1_27' title='bbox 804 762 892 826; x_wconf 88' lang='lat' dir='ltr'><strong>trihu</strong></span> <span class='ocrx_word' id='word_1_28' title='bbox 905 777 1112 843; x_wconf 82' lang='lat' dir='ltr'><strong>moveantur,</strong></span> <span class='ocrx_word' id='word_1_29' title='bbox 1136 774 1170 833; x_wconf 89' lang='lat' dir='ltr'><strong>ct</strong></span> 
     </span>
     <span class='ocr_line' id='line_1_5' title="bbox 68 861 1169 946; baseline 0.005 -21"><span class='ocrx_word' id='word_1_30' title='bbox 68 863 246 944; x_wconf 80' lang='lat' dir='ltr'><strong>stipendia,</strong></span> <span class='ocrx_word' id='word_1_31' title='bbox 260 871 419 946; x_wconf 82' lang='lat' dir='ltr'><strong>tanquam</strong></span> <span class='ocrx_word' id='word_1_32' title='bbox 434 867 591 944; x_wconf 79' lang='lat' dir='ltr'><strong>expertes</strong></span> <span class='ocrx_word' id='word_1_33' title='bbox 602 861 682 926; x_wconf 89' lang='lat' dir='ltr'><strong>artis</strong></span> <span class='ocrx_word' id='word_1_34' title='bbox 695 861 845 940; x_wconf 84' lang='lat' dir='ltr'><strong>ludicrae,</strong></span> <span class='ocrx_word' id='word_1_35' title='bbox 864 861 1013 928; x_wconf 67' lang='lat' dir='ltr'><strong>iaciant!</strong></span> <span class='ocrx_word' id='word_1_36' title='bbox 1056 865 1097 929; x_wconf 92' lang='lat' dir='ltr'><strong>In</strong></span> <span class='ocrx_word' id='word_1_37' title='bbox 1117 867 1169 932; x_wconf 86' lang='lat' dir='ltr'><strong>his</strong></span> 
     </span>
     <span class='ocr_line' id='line_1_6' title="bbox 67 961 1169 1046; baseline 0.002 -20"><span class='ocrx_word' id='word_1_38' title='bbox 67 961 204 1041; x_wconf 76' lang='lat' dir='ltr'><strong>tabulis,</strong></span> <span class='ocrx_word' id='word_1_39' title='bbox 222 965 265 1028; x_wconf 85' lang='lat' dir='ltr'><strong>ah</strong></span> <span class='ocrx_word' id='word_1_40' title='bbox 283 962 404 1041; x_wconf 79' lang='lat' dir='ltr'><strong>Atella,</strong></span> <span class='ocrx_word' id='word_1_41' title='bbox 418 963 579 1028; x_wconf 82' lang='lat' dir='ltr'><strong>Oscorum</strong></span> <span class='ocrx_word' id='word_1_42' title='bbox 593 961 627 1024; x_wconf 89' lang='lat' dir='ltr'><strong>iu</strong></span> <span class='ocrx_word' id='word_1_43' title='bbox 640 961 829 1046; x_wconf 76' lang='lat' dir='ltr'><strong>Campania</strong></span> <span class='ocrx_word' id='word_1_44' title='bbox 841 963 977 1046; x_wconf 87' lang='lat' dir='ltr'><strong>oppido,</strong></span> <span class='ocrx_word' id='word_1_45' title='bbox 996 965 1046 1029; x_wconf 90' lang='lat' dir='ltr'><strong>sic</strong></span> <span class='ocrx_word' id='word_1_46' title='bbox 1059 965 1169 1046; x_wconf 70' lang='lat' dir='ltr'><strong>dictis,</strong></span> 
     </span>
     <span class='ocr_line' id='line_1_7' title="bbox 69 1061 1171 1150; baseline 0.001 -20"><span class='ocrx_word' id='word_1_47' title='bbox 69 1064 167 1147; x_wconf 79' lang='lat' dir='ltr'><strong>(turdo</strong></span> <span class='ocrx_word' id='word_1_48' title='bbox 177 1071 310 1130; x_wconf 80' lang='lat' dir='ltr'><strong>actores</strong></span> <span class='ocrx_word' id='word_1_49' title='bbox 323 1080 435 1128; x_wconf 78' lang='lat' dir='ltr'><strong>earam</strong></span> <span class='ocrx_word' id='word_1_50' title='bbox 445 1061 535 1128; x_wconf 85' lang='lat' dir='ltr'><strong>Osce</strong></span> <span class='ocrx_word' id='word_1_51' title='bbox 545 1065 646 1128; x_wconf 86' lang='lat' dir='ltr'><strong>etiam</strong></span> <span class='ocrx_word' id='word_1_52' title='bbox 657 1062 906 1147; x_wconf 56' lang='lat' dir='ltr'><strong>loquebamur)</strong></span> <span class='ocrx_word' id='word_1_53' title='bbox 918 1082 1026 1129; x_wconf 73' lang='lat' dir='ltr'><strong>screno</strong></span> <span class='ocrx_word' id='word_1_54' title='bbox 1037 1067 1171 1150; x_wconf 87' lang='lat' dir='ltr'><strong>quidem</strong></span> 
     </span>
     <span class='ocr_line' id='line_1_8' title="bbox 70 1163 1170 1252; baseline 0.001 -21"><span class='ocrx_word' id='word_1_55' title='bbox 70 1167 157 1230; x_wconf 85' lang='lat' dir='ltr'><strong>rudis</strong></span> <span class='ocrx_word' id='word_1_56' title='bbox 171 1173 244 1231; x_wconf 87' lang='lat' dir='ltr'><strong>erat</strong></span> <span class='ocrx_word' id='word_1_57' title='bbox 258 1173 291 1230; x_wconf 90' lang='lat' dir='ltr'><strong>et</strong></span> <span class='ocrx_word' id='word_1_58' title='bbox 305 1167 485 1250; x_wconf 85' lang='lat' dir='ltr'><strong>impolitus,</strong></span> <span class='ocrx_word' id='word_1_59' title='bbox 498 1163 556 1228; x_wconf 87' lang='lat' dir='ltr'><strong>sed</strong></span> <span class='ocrx_word' id='word_1_60' title='bbox 569 1163 698 1228; x_wconf 80' lang='lat' dir='ltr'><strong>facetus</strong></span> <span class='ocrx_word' id='word_1_61' title='bbox 713 1163 826 1246; x_wconf 84' lang='lat' dir='ltr'><strong>potius</strong></span> <span class='ocrx_word' id='word_1_62' title='bbox 840 1169 875 1228; x_wconf 87' lang='lat' dir='ltr'><strong>et</strong></span> <span class='ocrx_word' id='word_1_63' title='bbox 886 1163 1057 1244; x_wconf 82' lang='lat' dir='ltr'><strong>ridiculus,</strong></span> <span class='ocrx_word' id='word_1_64' title='bbox 1071 1185 1170 1252; x_wconf 89' lang='lat' dir='ltr'><strong>quam</strong></span> 
     </span>
     <span class='ocr_line' id='line_1_9' title="bbox 70 1267 1171 1347; baseline 0.003 -18"><span class='ocrx_word' id='word_1_65' title='bbox 70 1269 252 1334; x_wconf 84' lang='lat' dir='ltr'><strong>obscoenus</strong></span> <span class='ocrx_word' id='word_1_66' title='bbox 267 1274 301 1332; x_wconf 91' lang='lat' dir='ltr'><strong>et</strong></span> <span class='ocrx_word' id='word_1_67' title='bbox 313 1267 471 1342; x_wconf 86' lang='lat' dir='ltr'><strong>lascivus,</strong></span> <span class='ocrx_word' id='word_1_68' title='bbox 494 1271 721 1346; x_wconf 71' lang='lat' dir='ltr'><strong>argumentum</strong></span> <span class='ocrx_word' id='word_1_69' title='bbox 735 1281 871 1347; x_wconf 88' lang='lat' dir='ltr'><strong>quoque</strong></span> <span class='ocrx_word' id='word_1_70' title='bbox 883 1271 1024 1342; x_wconf 84' lang='lat' dir='ltr'><strong>castum,</strong></span> <span class='ocrx_word' id='word_1_71' title='bbox 1049 1272 1083 1330; x_wconf 89' lang='lat' dir='ltr'><strong>et</strong></span> <span class='ocrx_word' id='word_1_72' title='bbox 1095 1284 1171 1332; x_wconf 85' lang='lat' dir='ltr'><strong>sen-</strong></span> 
     </span>
     <span class='ocr_line' id='line_1_10' title="bbox 68 1363 1169 1453; baseline -0.002 -17"><span class='ocrx_word' id='word_1_73' title='bbox 68 1372 176 1436; x_wconf 76' lang='lat' dir='ltr'><strong>tentiae</strong></span> <span class='ocrx_word' id='word_1_74' title='bbox 203 1387 301 1453; x_wconf 77' lang='lat' dir='ltr'><strong>purae</strong></span> <span class='ocrx_word' id='word_1_75' title='bbox 326 1375 427 1451; x_wconf 81' lang='lat' dir='ltr'><strong>atque</strong></span> <span class='ocrx_word' id='word_1_76' title='bbox 450 1368 620 1431; x_wconf 77' lang='lat' dir='ltr'><strong>honestae:</strong></span> <span class='ocrx_word' id='word_1_77' title='bbox 643 1365 733 1430; x_wconf 86' lang='lat' dir='ltr'><strong>unde</strong></span> <span class='ocrx_word' id='word_1_78' title='bbox 757 1365 873 1431; x_wconf 82' lang='lat' dir='ltr'><strong>Valer.</strong></span> <span class='ocrx_word' id='word_1_79' title='bbox 898 1363 994 1430; x_wconf 83' lang='lat' dir='ltr'><strong>hiax.</strong></span> <span class='ocrx_word' id='word_1_80' title='bbox 1020 1383 1061 1433; x_wconf 89' lang='grc' dir='ltr'><strong>ιι.</strong></span> <span class='ocrx_word' id='word_1_81' title='bbox 1084 1367 1118 1433; x_wconf 85' lang='grc'><strong>4.</strong></span> <span class='ocrx_word' id='word_1_82' title='bbox 1135 1372 1169 1434; x_wconf 86' lang='grc'><strong>4.</strong></span> 
     </span>
     <span class='ocr_line' id='line_1_11' title="bbox 70 1465 1172 1553; baseline -0.001 -21"><span class='ocrx_word' id='word_1_83' title='bbox 70 1469 158 1549; x_wconf 88' lang='lat' dir='ltr'><strong>dicit,</strong></span> <span class='ocrx_word' id='word_1_84' title='bbox 185 1470 277 1534; x_wconf 86' lang='lat' dir='ltr'><strong>‘hoc</strong></span> <span class='ocrx_word' id='word_1_85' title='bbox 291 1487 394 1552; x_wconf 78' lang='lat' dir='ltr'><strong>genus</strong></span> <span class='ocrx_word' id='word_1_86' title='bbox 410 1466 637 1532; x_wconf 78' lang='lat' dir='ltr'><strong>delectationis</strong></span> <span class='ocrx_word' id='word_1_87' title='bbox 653 1465 774 1530; x_wconf 86' lang='lat' dir='ltr'><strong>Italica</strong></span> <span class='ocrx_word' id='word_1_88' title='bbox 787 1467 991 1531; x_wconf 80' lang='lat' dir='ltr'><strong>severitate²²</strong></span> <span class='ocrx_word' id='word_1_89' title='bbox 1010 1475 1172 1553; x_wconf 82' lang='lat' dir='ltr'><strong>tempera-</strong></span> 
     </span>
     <span class='ocr_line' id='line_1_12' title="bbox 72 1566 1172 1655; baseline 0 -19"><span class='ocrx_word' id='word_1_90' title='bbox 72 1577 136 1636; x_wconf 87' lang='lat' dir='ltr'><strong>truu</strong></span> <span class='ocrx_word' id='word_1_91' title='bbox 158 1571 307 1654; x_wconf 87' lang='lat' dir='ltr'><strong>ideoque</strong></span> <span class='ocrx_word' id='word_1_92' title='bbox 331 1587 474 1636; x_wconf 79' lang='lat' dir='ltr'><strong>vacuum</strong></span> <span class='ocrx_word' id='word_1_93' title='bbox 496 1567 584 1632; x_wconf 87' lang='lat' dir='ltr'><strong>nota&#39;</strong></span> <span class='ocrx_word' id='word_1_94' title='bbox 609 1566 727 1632; x_wconf 81' lang='lat' dir='ltr'><strong>fuisse.</strong></span> <span class='ocrx_word' id='word_1_95' title='bbox 770 1566 932 1634; x_wconf 80' lang='lat' dir='ltr'><strong>Videntur</strong></span> <span class='ocrx_word' id='word_1_96' title='bbox 953 1567 1021 1634; x_wconf 86' lang='lat' dir='ltr'><strong>illae</strong></span> <span class='ocrx_word' id='word_1_97' title='bbox 1038 1587 1172 1655; x_wconf 81' lang='lat' dir='ltr'><strong>prorsus</strong></span> 
     </span>
     <span class='ocr_line' id='line_1_13' title="bbox 71 1669 1172 1755; baseline 0 -20"><span class='ocrx_word' id='word_1_98' title='bbox 71 1672 134 1736; x_wconf 82' lang='lat' dir='ltr'><strong>iera</strong></span> <span class='ocrx_word' id='word_1_99' title='bbox 148 1673 345 1754; x_wconf 76' lang='lat' dir='ltr'><strong>congruisse</strong></span> <span class='ocrx_word' id='word_1_100' title='bbox 358 1671 480 1735; x_wconf 87' lang='lat' dir='ltr'><strong>fabulis</strong></span> <span class='ocrx_word' id='word_1_101' title='bbox 495 1669 691 1734; x_wconf 74' lang='lat' dir='ltr'><strong>Graecorum</strong></span> <span class='ocrx_word' id='word_1_102' title='bbox 713 1672 1026 1755; x_wconf 85' lang='lat' dir='ltr'><strong>comico-satyricis,</strong></span> <span class='ocrx_word' id='word_1_103' title='bbox 1055 1680 1124 1738; x_wconf 90' lang='lat' dir='ltr'><strong>turn</strong></span> <span class='ocrx_word' id='word_1_104' title='bbox 1133 1673 1172 1736; x_wconf 86' lang='lat' dir='ltr'><strong>in</strong></span> 
     </span>
     <span class='ocr_line' id='line_1_14' title="bbox 73 1771 1172 1856; baseline 0.003 -20"><span class='ocrx_word' id='word_1_105' title='bbox 73 1774 254 1856; x_wconf 72' lang='lat' dir='ltr'><strong>argumenti</strong></span> <span class='ocrx_word' id='word_1_106' title='bbox 268 1771 399 1838; x_wconf 84' lang='lat' dir='ltr'><strong>delectu</strong></span> <span class='ocrx_word' id='word_1_107' title='bbox 413 1777 447 1836; x_wconf 89' lang='lat' dir='ltr'><strong>et</strong></span> <span class='ocrx_word' id='word_1_108' title='bbox 460 1773 665 1849; x_wconf 83' lang='lat' dir='ltr'><strong>tractatione,</strong></span> <span class='ocrx_word' id='word_1_109' title='bbox 678 1772 714 1835; x_wconf 87' lang='lat' dir='ltr'><strong>in</strong></span> <span class='ocrx_word' id='word_1_110' title='bbox 727 1771 921 1855; x_wconf 81' lang='lat' dir='ltr'><strong>petulantia,</strong></span> <span class='ocrx_word' id='word_1_111' title='bbox 934 1773 1126 1850; x_wconf 81' lang='lat' dir='ltr'><strong>dicacitate,</strong></span> <span class='ocrx_word' id='word_1_112' title='bbox 1139 1777 1172 1839; x_wconf 91' lang='lat' dir='ltr'><strong>et</strong></span> 
     </span>
     <span class='ocr_line' id='line_1_15' title="bbox 72 1869 1174 1958; baseline 0 -20"><span class='ocrx_word' id='word_1_113' title='bbox 72 1875 212 1940; x_wconf 85' lang='lat' dir='ltr'><strong>audacia</strong></span> <span class='ocrx_word' id='word_1_114' title='bbox 226 1875 398 1951; x_wconf 90' lang='lat' dir='ltr'><strong>dictionis,</strong></span> <span class='ocrx_word' id='word_1_115' title='bbox 413 1875 448 1936; x_wconf 92' lang='lat' dir='ltr'><strong>iu</strong></span> <span class='ocrx_word' id='word_1_116' title='bbox 464 1877 611 1938; x_wconf 86' lang='lat' dir='ltr'><strong>aelorum</strong></span> <span class='ocrx_word' id='word_1_117' title='bbox 625 1881 659 1939; x_wconf 84' lang='lat' dir='ltr'><strong>et</strong></span> <span class='ocrx_word' id='word_1_118' title='bbox 672 1873 858 1937; x_wconf 78' lang='lat' dir='ltr'><strong>saltationis</strong></span> <span class='ocrx_word' id='word_1_119' title='bbox 872 1869 992 1952; x_wconf 87' lang='lat' dir='ltr'><strong>indole,</strong></span> <span class='ocrx_word' id='word_1_120' title='bbox 1006 1880 1039 1938; x_wconf 87' lang='lat' dir='ltr'><strong>et</strong></span> <span class='ocrx_word' id='word_1_121' title='bbox 1050 1874 1086 1937; x_wconf 83' lang='lat' dir='ltr'><strong>in</strong></span> <span class='ocrx_word' id='word_1_122' title='bbox 1098 1875 1174 1958; x_wconf 86' lang='lat' dir='ltr'><strong>ipsa</strong></span> 
     </span>
     <span class='ocr_line' id='line_1_16' title="bbox 73 1973 1173 2059; baseline 0 -19"><span class='ocrx_word' id='word_1_123' title='bbox 73 1977 210 2054; x_wconf 79' lang='lat' dir='ltr'><strong>achone,</strong></span> <span class='ocrx_word' id='word_1_124' title='bbox 232 1983 302 2040; x_wconf 86' lang='lat' dir='ltr'><strong>tum</strong></span> <span class='ocrx_word' id='word_1_125' title='bbox 317 1976 352 2038; x_wconf 89' lang='lat' dir='ltr'><strong>in</strong></span> <span class='ocrx_word' id='word_1_126' title='bbox 373 1993 426 2051; x_wconf 89' lang='lat' dir='ltr'><strong>eo,</strong></span> <span class='ocrx_word' id='word_1_127' title='bbox 451 1973 541 2056; x_wconf 87' lang='lat' dir='ltr'><strong>quod</strong></span> <span class='ocrx_word' id='word_1_128' title='bbox 557 1991 718 2051; x_wconf 84' lang='lat' dir='ltr'><strong>seorsum,</strong></span> <span class='ocrx_word' id='word_1_129' title='bbox 737 1993 798 2038; x_wconf 91' lang='lat' dir='ltr'><strong>nec</strong></span> <span class='ocrx_word' id='word_1_130' title='bbox 811 1973 977 2059; x_wconf 82' lang='lat' dir='ltr'><strong>adjunctae</strong></span> <span class='ocrx_word' id='word_1_131' title='bbox 991 1975 1173 2058; x_wconf 78' lang='lat' dir='ltr'><strong>tragoediie,</strong></span> 
     </span>
     <span class='ocr_line' id='line_1_17' title="bbox 73 2073 1171 2160; baseline -0.001 -19"><span class='ocrx_word' id='word_1_132' title='bbox 73 2077 312 2141; x_wconf 77' lang='lat' dir='ltr'><strong>exhiberentur.</strong></span> <span class='ocrx_word' id='word_1_133' title='bbox 338 2073 388 2160; x_wconf 84' lang='lat' dir='ltr'><strong>(v.</strong></span> <span class='ocrx_word' id='word_1_134' title='bbox 413 2073 607 2138; x_wconf 82' lang='lat' dir='ltr'><strong>Eiohstaedt</strong></span> <span class='ocrx_word' id='word_1_135' title='bbox 620 2073 663 2138; x_wconf 93' lang='lat' dir='ltr'><strong>de</strong></span> <span class='ocrx_word' id='word_1_136' title='bbox 686 2073 791 2138; x_wconf 76' lang='lat' dir='ltr'><strong>dmm.</strong></span> <span class='ocrx_word' id='word_1_137' title='bbox 812 2073 927 2139; x_wconf 83' lang='lat' dir='ltr'><strong>Graec.</strong></span> <span class='ocrx_word' id='word_1_138' title='bbox 949 2095 1036 2141; x_wconf 88' lang='lat' dir='ltr'><strong>corn.</strong></span> <span class='ocrx_word' id='word_1_139' title='bbox 1057 2085 1119 2142; x_wconf 88' lang='lat' dir='ltr'><strong>sat.</strong></span> <span class='ocrx_word' id='word_1_140' title='bbox 1134 2098 1171 2160; x_wconf 91' lang='lat' dir='ltr'><strong>p.</strong></span> 
     </span>
     <span class='ocr_line' id='line_1_18' title="bbox 75 2173 1173 2258; baseline 0.001 -16"><span class='ocrx_word' id='word_1_141' title='bbox 75 2179 126 2242; x_wconf 74' lang='lat' dir='ltr'><strong>a‘l.</strong></span> <span class='ocrx_word' id='word_1_142' title='bbox 139 2177 194 2243; x_wconf 81' lang='grc'><strong>64.</strong></span> <span class='ocrx_word' id='word_1_143' title='bbox 209 2177 267 2242; x_wconf 83' lang='grc'><strong>65.</strong></span> <span class='ocrx_word' id='word_1_144' title='bbox 282 2177 327 2242; x_wconf 82' lang='grc'><strong>75</strong></span> <span class='ocrx_word' id='word_1_145' title='bbox 341 2195 392 2258; x_wconf 90' lang='lat' dir='ltr'><strong>sq.</strong></span> <span class='ocrx_word' id='word_1_146' title='bbox 407 2181 441 2239; x_wconf 89' lang='lat' dir='ltr'><strong>et</strong></span> <span class='ocrx_word' id='word_1_147' title='bbox 458 2175 511 2242; x_wconf 83' lang='grc'><strong>84.</strong></span> <span class='ocrx_word' id='word_1_148' title='bbox 530 2177 589 2240; x_wconf 89' lang='lat' dir='ltr'><strong>uhi</strong></span> <span class='ocrx_word' id='word_1_149' title='bbox 611 2175 713 2239; x_wconf 86' lang='lat' dir='ltr'><strong>etiarn</strong></span> <span class='ocrx_word' id='word_1_150' title='bbox 735 2175 778 2240; x_wconf 90' lang='lat' dir='ltr'><strong>de</strong></span> <span class='ocrx_word' id='word_1_151' title='bbox 795 2181 877 2240; x_wconf 90' lang='lat' dir='ltr'><strong>uoto</strong></span> <span class='ocrx_word' id='word_1_152' title='bbox 901 2173 1076 2241; x_wconf 85' lang='lat' dir='ltr'><strong>Diomedis</strong></span> <span class='ocrx_word' id='word_1_153' title='bbox 1097 2179 1173 2243; x_wconf 89' lang='lat' dir='ltr'><strong>loco</strong></span> 
     </span>
     <span class='ocr_line' id='line_1_19' title="bbox 75 2274 1175 2362; baseline 0.001 -20"><span class='ocrx_word' id='word_1_154' title='bbox 75 2279 129 2344; x_wconf 91' lang='lat' dir='ltr'><strong>lih.</strong></span> <span class='ocrx_word' id='word_1_155' title='bbox 147 2295 202 2342; x_wconf 96' lang='grc' dir='ltr'><strong>ιιι.</strong></span> <span class='ocrx_word' id='word_1_156' title='bbox 218 2299 256 2362; x_wconf 88' lang='lat' dir='ltr'><strong>p.</strong></span> <span class='ocrx_word' id='word_1_157' title='bbox 271 2275 348 2342; x_wconf 84' lang='grc'><strong>487.</strong></span> <span class='ocrx_word' id='word_1_158' title='bbox 365 2275 417 2342; x_wconf 90' lang='lat' dir='ltr'><strong>ed.</strong></span> <span class='ocrx_word' id='word_1_159' title='bbox 433 2275 572 2340; x_wconf 85' lang='lat' dir='ltr'><strong>Putsch.</strong></span> <span class='ocrx_word' id='word_1_160' title='bbox 590 2277 638 2339; x_wconf 90' lang='lat' dir='ltr'><strong>ita</strong></span> <span class='ocrx_word' id='word_1_161' title='bbox 653 2274 826 2360; x_wconf 89' lang='lat' dir='ltr'><strong>disputat:</strong></span> <span class='ocrx_word' id='word_1_162' title='bbox 850 2280 862 2310; x_wconf 91' lang='lat'><em>‘</em></span> <span class='ocrx_word' id='word_1_163' title='bbox 876 2274 1058 2344; x_wconf 83' lang='lat' dir='ltr'><strong>Diomedes</strong></span> <span class='ocrx_word' id='word_1_164' title='bbox 1081 2279 1175 2343; x_wconf 86' lang='lat' dir='ltr'><strong>Atel·</strong></span> 
     </span>
     <span class='ocr_line' id='line_1_20' title="bbox 76 2375 1173 2464; baseline 0.003 -22"><span class='ocrx_word' id='word_1_165' title='bbox 76 2379 157 2443; x_wconf 85' lang='lat' dir='ltr'><strong>lause</strong></span> <span class='ocrx_word' id='word_1_166' title='bbox 172 2378 340 2443; x_wconf 76' lang='lat' dir='ltr'><strong>Romanae</strong></span> <span class='ocrx_word' id='word_1_167' title='bbox 355 2396 376 2440; x_wconf 91' lang='lat' dir='ltr'><strong>a</strong></span> <span class='ocrx_word' id='word_1_168' title='bbox 389 2377 586 2442; x_wconf 75' lang='lat' dir='ltr'><strong>Graecorum</strong></span> <span class='ocrx_word' id='word_1_169' title='bbox 602 2375 732 2460; x_wconf 81' lang='lat' dir='ltr'><strong>Satyris</strong></span> <span class='ocrx_word' id='word_1_170' title='bbox 749 2377 940 2441; x_wconf 82' lang='lat' dir='ltr'><strong>distantiam</strong></span> <span class='ocrx_word' id='word_1_171' title='bbox 961 2379 1012 2442; x_wconf 93' lang='lat' dir='ltr'><strong>sic</strong></span> <span class='ocrx_word' id='word_1_172' title='bbox 1033 2379 1173 2464; x_wconf 87' lang='lat' dir='ltr'><strong>aperuit,</strong></span> 
     </span>
     <span class='ocr_line' id='line_1_21' title="bbox 76 2476 1175 2564; baseline 0.002 -20"><span class='ocrx_word' id='word_1_173' title='bbox 76 2482 243 2562; x_wconf 81' lang='lat' dir='ltr'><strong>utriusque</strong></span> <span class='ocrx_word' id='word_1_174' title='bbox 258 2483 295 2542; x_wconf 90' lang='lat' dir='ltr'><strong>ut</strong></span> <span class='ocrx_word' id='word_1_175' title='bbox 311 2478 493 2564; x_wconf 86' lang='lat' dir='ltr'><strong>Satyriees,</strong></span> <span class='ocrx_word' id='word_1_176' title='bbox 520 2495 541 2542; x_wconf 91' lang='lat' dir='ltr'><strong>a</strong></span> <span class='ocrx_word' id='word_1_177' title='bbox 555 2476 688 2543; x_wconf 72' lang='lat' dir='ltr'><strong>Graecis</strong></span> <span class='ocrx_word' id='word_1_178' title='bbox 701 2482 863 2554; x_wconf 76' lang='lat' dir='ltr'><strong>tractatae,</strong></span> <span class='ocrx_word' id='word_1_179' title='bbox 890 2481 1036 2562; x_wconf 88' lang='lat' dir='ltr'><strong>speciem</strong></span> <span class='ocrx_word' id='word_1_180' title='bbox 1056 2486 1090 2545; x_wconf 92' lang='lat' dir='ltr'><strong>et</strong></span> <span class='ocrx_word' id='word_1_181' title='bbox 1108 2481 1175 2546; x_wconf 86' lang='lat' dir='ltr'><strong>for·</strong></span> 
     </span>
     <span class='ocr_line' id='line_1_22' title="bbox 76 2575 1173 2667; baseline 0.005 -24"><span class='ocrx_word' id='word_1_182' title='bbox 76 2599 159 2644; x_wconf 88' lang='lat' dir='ltr'><strong>ruam</strong></span> <span class='ocrx_word' id='word_1_183' title='bbox 186 2580 336 2664; x_wconf 83' lang='lat' dir='ltr'><strong>quodam</strong></span> <span class='ocrx_word' id='word_1_184' title='bbox 365 2580 465 2644; x_wconf 90' lang='lat' dir='ltr'><strong>ruodo</strong></span> <span class='ocrx_word' id='word_1_185' title='bbox 493 2577 661 2644; x_wconf 83' lang='lat' dir='ltr'><strong>indicasse</strong></span> <span class='ocrx_word' id='word_1_186' title='bbox 684 2577 846 2644; x_wconf 86' lang='lat' dir='ltr'><strong>videatur.</strong></span> <span class='ocrx_word' id='word_1_187' title='bbox 897 2575 1030 2660; x_wconf 79' lang='lat' dir='ltr'><strong>Latiae,</strong></span> <span class='ocrx_word' id='word_1_188' title='bbox 1058 2584 1173 2667; x_wconf 88' lang='lat' dir='ltr'><strong>iuquit,</strong></span> 
     </span>
     <span class='ocr_line' id='line_1_23' title="bbox 79 2674 1172 2769; baseline 0.005 -28"><span class='ocrx_word' id='word_1_189' title='bbox 79 2677 224 2744; x_wconf 78' lang='lat' dir='ltr'><strong>Atellano</strong></span> <span class='ocrx_word' id='word_1_190' title='bbox 251 2699 271 2742; x_wconf 85' lang='lat' dir='ltr'><strong>u</strong></span> <span class='ocrx_word' id='word_1_191' title='bbox 299 2676 410 2743; x_wconf 79' lang='lat' dir='ltr'><strong>Graeu</strong></span> <span class='ocrx_word' id='word_1_192' title='bbox 429 2675 574 2764; x_wconf 77' lang='lat' dir='ltr'><strong>Satyrion</strong></span> <span class='ocrx_word' id='word_1_193' title='bbox 597 2674 720 2762; x_wconf 69' lang='lat' dir='ltr'><strong>deffert:</strong></span> <span class='ocrx_word' id='word_1_194' title='bbox 742 2679 826 2763; x_wconf 82' lang='lat' dir='ltr'><strong>quod</strong></span> <span class='ocrx_word' id='word_1_195' title='bbox 845 2679 880 2743; x_wconf 87' lang='grc' dir='ltr'><strong>ιἰι</strong></span> <span class='ocrx_word' id='word_1_196' title='bbox 904 2679 1051 2769; x_wconf 71' lang='lat' dir='ltr'><strong>Satyrion</strong></span> <span class='ocrx_word' id='word_1_197' title='bbox 1075 2699 1172 2750; x_wconf 77' lang='grc' dir='ltr'><strong>ιιιιιιι</strong></span> 
     </span>
     <span class='ocr_line' id='line_1_24' title="bbox 81 2779 1174 2867; baseline 0.009 -25"><span class='ocrx_word' id='word_1_198' title='bbox 81 2779 259 2864; x_wconf 78' lang='lat' dir='ltr'><strong>Satyrorum</strong></span> <span class='ocrx_word' id='word_1_199' title='bbox 288 2799 421 2865; x_wconf 75' lang='lat' dir='ltr'><strong>persona</strong></span> <span class='ocrx_word' id='word_1_200' title='bbox 452 2781 651 2857; x_wconf 79' lang='lat' dir='ltr'><strong>inducuntur,</strong></span> <span class='ocrx_word' id='word_1_201' title='bbox 681 2789 737 2843; x_wconf 82' lang='lat' dir='ltr'><strong>eut</strong></span> <span class='ocrx_word' id='word_1_202' title='bbox 765 2780 792 2844; x_wconf 83' lang='lat' dir='ltr'><strong>sr&#39;</strong></span> <span class='ocrx_word' id='word_1_203' title='bbox 821 2801 888 2867; x_wconf 75' lang='lat' dir='ltr'><strong>quc</strong></span> <span class='ocrx_word' id='word_1_204' title='bbox 916 2793 989 2847; x_wconf 77' lang='lat' dir='ltr'><strong>sunt</strong></span> <span class='ocrx_word' id='word_1_205' title='bbox 1023 2783 1174 2866; x_wconf 76' lang='lat' dir='ltr'><strong>ridicula,</strong></span> 
     </span>
     <span class='ocr_line' id='line_1_25' title="bbox 79 2879 1175 2970; baseline 0.005 -26"><span class='ocrx_word' id='word_1_206' title='bbox 79 2881 185 2947; x_wconf 80' lang='lat' dir='ltr'><strong>slmiles</strong></span> <span class='ocrx_word' id='word_1_207' title='bbox 203 2883 339 2967; x_wconf 81' lang='lat' dir='ltr'><strong>Sutyu&#39;r,</strong></span> <span class='ocrx_word' id='word_1_208' title='bbox 355 2881 539 2970; x_wconf 75' lang='lat' dir='ltr'><strong>Autolycus,</strong></span> <span class='ocrx_word' id='word_1_209' title='bbox 557 2879 702 2956; x_wconf 65' lang='lat' dir='ltr'><strong>Bastar,-</strong></span> <span class='ocrx_word' id='word_1_210' title='bbox 724 2882 759 2944; x_wconf 84' lang='grc' dir='ltr'><strong>ιἰι</strong></span> <span class='ocrx_word' id='word_1_211' title='bbox 771 2882 922 2946; x_wconf 79' lang='lat' dir='ltr'><strong>Atellano</strong></span> <span class='ocrx_word' id='word_1_212' title='bbox 937 2885 1022 2948; x_wconf 76' lang='lat' dir='ltr'><strong>Osca</strong></span> <span class='ocrx_word' id='word_1_213' title='bbox 1030 2907 1175 2968; x_wconf 73' lang='grc' dir='ltr'><strong>ριιιοιιω,</strong></span> 
     </span>
     <span class='ocr_line' id='line_1_26' title="bbox 80 2982 1176 3070; baseline 0.008 -24"><span class='ocrx_word' id='word_1_214' title='bbox 80 2995 110 3046; x_wconf 87' lang='lat' dir='ltr'><strong>ut</strong></span> <span class='ocrx_word' id='word_1_215' title='bbox 127 2982 292 3048; x_wconf 76' lang='lat' dir='ltr'><strong>Maerea²³</strong></span> <span class='ocrx_word' id='word_1_216' title='bbox 338 2982 466 3062; x_wconf 86' lang='lat' dir='ltr'><strong>Quoia</strong></span> <span class='ocrx_word' id='word_1_217' title='bbox 489 2983 566 3050; x_wconf 90' lang='lat' dir='ltr'><strong>loco</strong></span> <span class='ocrx_word' id='word_1_218' title='bbox 590 2985 657 3049; x_wconf 89' lang='lat' dir='ltr'><strong>duo</strong></span> <span class='ocrx_word' id='word_1_219' title='bbox 682 3003 720 3051; x_wconf 86' lang='lat' dir='ltr'><strong>se</strong></span> <span class='ocrx_word' id='word_1_220' title='bbox 741 2985 838 3049; x_wconf 89' lang='lat' dir='ltr'><strong>nohis</strong></span> <span class='ocrx_word' id='word_1_221' title='bbox 851 2984 987 3052; x_wconf 77' lang='lat' dir='ltr'><strong>adanu</strong></span> <span class='ocrx_word' id='word_1_222' title='bbox 1000 2985 1102 3070; x_wconf 85' lang='lat' dir='ltr'><strong>digua</strong></span> <span class='ocrx_word' id='word_1_223' title='bbox 1116 2990 1176 3054; x_wconf 92' lang='lat' dir='ltr'><strong>oh·</strong></span> 
     </span>
     <span class='ocr_line' id='line_1_27' title="bbox 81 3083 1176 3170; baseline 0.008 -22"><span class='ocrx_word' id='word_1_224' title='bbox 81 3093 230 3166; x_wconf 80' lang='lat' dir='ltr'><strong>servatu3</strong></span> <span class='ocrx_word' id='word_1_225' title='bbox 263 3087 412 3163; x_wconf 86' lang='lat' dir='ltr'><strong>alterum,</strong></span> <span class='ocrx_word' id='word_1_226' title='bbox 439 3085 527 3169; x_wconf 91' lang='lat' dir='ltr'><strong>quod</strong></span> <span class='ocrx_word' id='word_1_227' title='bbox 551 3083 752 3170; x_wconf 79' lang='lat' dir='ltr'><strong>Satyrorum</strong></span> <span class='ocrx_word' id='word_1_228' title='bbox 766 3085 916 3152; x_wconf 88' lang='lat' dir='ltr'><strong>inductio</strong></span> <span class='ocrx_word' id='word_1_229' title='bbox 942 3091 986 3153; x_wconf 90' lang='lat' dir='ltr'><strong>ab</strong></span> <span class='ocrx_word' id='word_1_230' title='bbox 1011 3087 1176 3157; x_wconf 80' lang='lat' dir='ltr'><strong>Atellanis</strong></span> 
     </span>
     <span class='ocr_line' id='line_1_28' title="bbox 80 3187 1177 3272; baseline 0.008 -23"><span class='ocrx_word' id='word_1_231' title='bbox 80 3187 171 3268; x_wconf 88' lang='lat' dir='ltr'><strong>plane</strong></span> <span class='ocrx_word' id='word_1_232' title='bbox 197 3189 307 3252; x_wconf 89' lang='lat' dir='ltr'><strong>aliena</strong></span> <span class='ocrx_word' id='word_1_233' title='bbox 334 3187 514 3272; x_wconf 84' lang='lat' dir='ltr'><strong>judicatur,</strong></span> <span class='ocrx_word' id='word_1_234' title='bbox 545 3189 693 3267; x_wconf 82' lang='lat' dir='ltr'><strong>alterum,</strong></span> <span class='ocrx_word' id='word_1_235' title='bbox 721 3189 811 3272; x_wconf 90' lang='lat' dir='ltr'><strong>quod</strong></span> <span class='ocrx_word' id='word_1_236' title='bbox 838 3189 953 3253; x_wconf 88' lang='lat' dir='ltr'><strong>eadem</strong></span> <span class='ocrx_word' id='word_1_237' title='bbox 982 3189 1177 3258; x_wconf 83' lang='lat' dir='ltr'><strong>Graecorum</strong></span> 
     </span>
     <span class='ocr_line' id='line_1_29' title="bbox 82 3289 1179 3373; baseline 0.01 -25"><span class='ocrx_word' id='word_1_238' title='bbox 82 3290 226 3372; x_wconf 80' lang='lat' dir='ltr'><strong>satyricis</strong></span> <span class='ocrx_word' id='word_1_239' title='bbox 241 3289 362 3354; x_wconf 87' lang='lat' dir='ltr'><strong>fabulis</strong></span> <span class='ocrx_word' id='word_1_240' title='bbox 380 3307 445 3352; x_wconf 90' lang='lat' dir='ltr'><strong>uon</strong></span> <span class='ocrx_word' id='word_1_241' title='bbox 468 3289 538 3352; x_wconf 85' lang='lat' dir='ltr'><strong>siue</strong></span> <span class='ocrx_word' id='word_1_242' title='bbox 552 3290 750 3372; x_wconf 82' lang='lat' dir='ltr'><strong>exceptione</strong></span> <span class='ocrx_word' id='word_1_243' title='bbox 765 3289 908 3373; x_wconf 90' lang='lat' dir='ltr'><strong>quadam</strong></span> <span class='ocrx_word' id='word_1_244' title='bbox 922 3292 1087 3358; x_wconf 83' lang='lat' dir='ltr'><strong>tribuitur.</strong></span> <span class='ocrx_word' id='word_1_245' title='bbox 1130 3291 1179 3359; x_wconf 76' lang='lat' dir='ltr'><strong>At</strong></span> 
     </span>
     <span class='ocr_line' id='line_1_30' title="bbox 82 3389 1178 3479; baseline 0.011 -30"><span class='ocrx_word' id='word_1_246' title='bbox 82 3405 155 3451; x_wconf 82' lang='lat' dir='ltr'><strong>vero</strong></span> <span class='ocrx_word' id='word_1_247' title='bbox 169 3390 198 3452; x_wconf 85' lang='lat' dir='ltr'><strong>si</strong></span> <span class='ocrx_word' id='word_1_248' title='bbox 212 3389 346 3454; x_wconf 76' lang='lat' dir='ltr'><strong>iahulas</strong></span> <span class='ocrx_word' id='word_1_249' title='bbox 358 3391 455 3454; x_wconf 87' lang='lat' dir='ltr'><strong>unico</strong></span> <span class='ocrx_word' id='word_1_250' title='bbox 470 3389 699 3474; x_wconf 66' lang='lat' dir='ltr'><strong>respiciamus</strong></span> <span class='ocrx_word' id='word_1_251' title='bbox 727 3409 749 3454; x_wconf 94' lang='lat' dir='ltr'><strong>a</strong></span> <span class='ocrx_word' id='word_1_252' title='bbox 762 3393 898 3472; x_wconf 77' lang='lat' dir='ltr'><strong>tragicis</strong></span> <span class='ocrx_word' id='word_1_253' title='bbox 918 3394 1028 3475; x_wconf 74' lang='lat' dir='ltr'><strong>podiis</strong></span> <span class='ocrx_word' id='word_1_254' title='bbox 1047 3396 1178 3479; x_wconf 84' lang='lat' dir='ltr'><strong>prosec-</strong></span> 
     </span>
     <span class='ocr_line' id='line_1_31' title="bbox 84 3491 1179 3576; baseline 0.01 -26"><span class='ocrx_word' id='word_1_255' title='bbox 84 3491 143 3565; x_wconf 82' lang='lat' dir='ltr'><strong>tas,</strong></span> <span class='ocrx_word' id='word_1_256' title='bbox 168 3491 402 3572; x_wconf 80' lang='lat' dir='ltr'><strong>ignoraverunt</strong></span> <span class='ocrx_word' id='word_1_257' title='bbox 422 3511 502 3556; x_wconf 84' lang='lat' dir='ltr'><strong>saue</strong></span> <span class='ocrx_word' id='word_1_258' title='bbox 522 3493 605 3557; x_wconf 91' lang='lat' dir='ltr'><strong>hauc</strong></span> <span class='ocrx_word' id='word_1_259' title='bbox 627 3491 858 3576; x_wconf 86' lang='lat' dir='ltr'><strong>exceptionem</strong></span> <span class='ocrx_word' id='word_1_260' title='bbox 873 3493 995 3559; x_wconf 81' lang='lat' dir='ltr'><strong>Graeci.</strong></span> <span class='ocrx_word' id='word_1_261' title='bbox 1042 3495 1179 3562; x_wconf 86' lang='lat' dir='ltr'><strong>Diome·</strong></span> 
     </span>
     <span class='ocr_line' id='line_1_32' title="bbox 84 3585 1178 3678; baseline 0.012 -29"><span class='ocrx_word' id='word_1_262' title='bbox 84 3585 151 3652; x_wconf 83' lang='lat' dir='ltr'><strong>dan</strong></span> <span class='ocrx_word' id='word_1_263' title='bbox 174 3591 290 3676; x_wconf 89' lang='lat' dir='ltr'><strong>itaque</strong></span> <span class='ocrx_word' id='word_1_264' title='bbox 318 3593 457 3659; x_wconf 89' lang='lat' dir='ltr'><strong>arbitror</strong></span> <span class='ocrx_word' id='word_1_265' title='bbox 478 3593 610 3657; x_wconf 85' lang='lat' dir='ltr'><strong>fabulas</strong></span> <span class='ocrx_word' id='word_1_266' title='bbox 636 3595 943 3678; x_wconf 76' lang='lat' dir='ltr'><strong>comico-satyricus</strong></span> <span class='ocrx_word' id='word_1_267' title='bbox 957 3597 1055 3660; x_wconf 87' lang='lat' dir='ltr'><strong>simul</strong></span> <span class='ocrx_word' id='word_1_268' title='bbox 1070 3604 1178 3662; x_wconf 88' lang='lat' dir='ltr'><strong>mente</strong></span> 
     </span>
     <span class='ocr_line' id='line_1_33' title="bbox 85 3685 1190 3787; baseline 0.011 -38"><span class='ocrx_word' id='word_1_269' title='bbox 85 3685 363 3777; x_wconf 81' lang='lat' dir='ltr'><strong>descriptioneque</strong></span> <span class='ocrx_word' id='word_1_270' title='bbox 387 3693 683 3778; x_wconf 87' lang='lat' dir='ltr'><strong>comprehendisse,</strong></span> <span class='ocrx_word' id='word_1_271' title='bbox 708 3701 741 3758; x_wconf 92' lang='lat' dir='ltr'><strong>et</strong></span> <span class='ocrx_word' id='word_1_272' title='bbox 762 3695 861 3758; x_wconf 86' lang='lat' dir='ltr'><strong>sicuti</strong></span> <span class='ocrx_word' id='word_1_273' title='bbox 876 3698 1012 3780; x_wconf 77' lang='lat' dir='ltr'><strong>tragicis</strong></span> <span class='ocrx_word' id='word_1_274' title='bbox 1027 3697 1190 3787; x_wconf 69' lang='lat' dir='ltr'><strong>Satyros,</strong></span> 
     </span>
    </p>
   </div>
   <div class='ocr_carea' id='block_1_3' title="bbox 573 3861 684 3911">
    <p class='ocr_par' dir='ltr' id='par_1_3' title="bbox 573 3861 684 3911">
     <span class='ocr_line' id='line_1_34' title="bbox 573 3861 684 3911; baseline 0.009 -1"><span class='ocrx_word' id='word_1_275' title='bbox 573 3861 684 3911; x_wconf 81' lang='lat' dir='ltr'>NOTAE</span> 
     </span>
    </p>
   </div>
   <div class='ocr_carea' id='block_1_4' title="bbox 85 3965 1182 4340">
    <p class='ocr_par' dir='ltr' id='par_1_4' title="bbox 85 3965 1182 4034">
     <span class='ocr_line' id='line_1_35' title="bbox 85 3965 1182 4034; baseline 0.008 -19"><span class='ocrx_word' id='word_1_276' title='bbox 85 3965 146 4024; x_wconf 81' lang='lat' dir='ltr'><strong>quod</strong></span> <span class='ocrx_word' id='word_1_277' title='bbox 170 3967 202 4018; x_wconf 88' lang='lat' dir='ltr'><strong>ab</strong></span> <span class='ocrx_word' id='word_1_278' title='bbox 229 3969 395 4034; x_wconf 81' lang='lat' dir='ltr'><strong>exeuntibus,</strong></span> <span class='ocrx_word' id='word_1_279' title='bbox 423 3969 525 4034; x_wconf 70' lang='lat' dir='ltr'><strong>uum:</strong></span> <span class='ocrx_word' id='word_1_280' title='bbox 564 3971 606 4023; x_wconf 83' lang='lat' dir='ltr'><strong>ef.</strong></span> <span class='ocrx_word' id='word_1_281' title='bbox 679 3977 766 4026; x_wconf 65' lang='lat' dir='ltr'><strong>atita</strong></span> <span class='ocrx_word' id='word_1_282' title='bbox 774 3977 843 4023; x_wconf 85' lang='lat' dir='ltr'><strong>hune</strong></span> <span class='ocrx_word' id='word_1_283' title='bbox 853 3973 937 4022; x_wconf 84' lang='lat' dir='ltr'><strong>loeern</strong></span> <span class='ocrx_word' id='word_1_284' title='bbox 946 3972 1117 4024; x_wconf 76' lang='lat' dir='ltr'><strong>emendarunt</strong></span> <span class='ocrx_word' id='word_1_285' title='bbox 1132 3971 1182 4023; x_wconf 82' lang='lat' dir='ltr'><strong>or-</strong></span> 
     </span>
    </p>

    <p class='ocr_par' dir='ltr' id='par_1_5' title="bbox 86 4035 1180 4190">
     <span class='ocr_line' id='line_1_36' title="bbox 86 4035 1179 4113; baseline 0.013 -27"><span class='ocrx_word' id='word_1_286' title='bbox 86 4035 317 4109; x_wconf 72' lang='lat' dir='ltr'><strong>Eielrstaedtp.84.</strong></span> <span class='ocrx_word' id='word_1_287' title='bbox 649 4053 721 4100; x_wconf 72' lang='lat' dir='ltr'><strong>nuh.</strong></span> <span class='ocrx_word' id='word_1_288' title='bbox 734 4053 864 4113; x_wconf 52' lang='lat' dir='ltr'><strong>psallo.</strong></span> <span class='ocrx_word' id='word_1_289' title='bbox 897 4047 1134 4100; x_wconf 58' lang='lat' dir='ltr'><strong>Vnaruuffloet.</strong></span> <span class='ocrx_word' id='word_1_290' title='bbox 1148 4063 1179 4100; x_wconf 92' lang='grc' dir='ltr'><strong>ιι.</strong></span> 
     </span>
     <span class='ocr_line' id='line_1_37' title="bbox 114 4119 1180 4190; baseline 0.01 -25"><span class='ocrx_word' id='word_1_291' title='bbox 114 4119 144 4164; x_wconf 79' lang='lat'><strong>2²</strong></span> <span class='ocrx_word' id='word_1_292' title='bbox 161 4119 218 4168; x_wconf 82' lang='lat' dir='ltr'><strong>Hae</strong></span> <span class='ocrx_word' id='word_1_293' title='bbox 237 4122 325 4170; x_wconf 80' lang='lat' dir='ltr'><strong>italice</strong></span> <span class='ocrx_word' id='word_1_294' title='bbox 337 4125 462 4172; x_wconf 70' lang='lat' dir='ltr'><strong>martur</strong></span> <span class='ocrx_word' id='word_1_295' title='bbox 477 4125 608 4189; x_wconf 74' lang='lat' dir='ltr'><strong>designari</strong></span> <span class='ocrx_word' id='word_1_296' title='bbox 648 4129 688 4176; x_wconf 74' lang='lat' dir='ltr'><strong>tt.</strong></span> <span class='ocrx_word' id='word_1_297' title='bbox 699 4127 713 4188; x_wconf 70' lang='lat' dir='ltr'><strong>t</strong></span> <span class='ocrx_word' id='word_1_298' title='bbox 723 4131 749 4176; x_wconf 82' lang='grc' dir='ltr'><strong>ιι.</strong></span> <span class='ocrx_word' id='word_1_299' title='bbox 772 4123 1004 4190; x_wconf 63' lang='lat' dir='ltr'><strong>Blankenhurgad</strong></span> <span class='ocrx_word' id='word_1_300' title='bbox 1014 4125 1147 4180; x_wconf 68' lang='lat' dir='ltr'><strong>Saluuii</strong></span> <span class='ocrx_word' id='word_1_301' title='bbox 1157 4137 1180 4184; x_wconf 78' lang='grc' dir='ltr'><strong>ι.</strong></span> 
     </span>
    </p>

    <p class='ocr_par' dir='ltr' id='par_1_6' title="bbox 86 4185 744 4267">
     <span class='ocr_line' id='line_1_38' title="bbox 86 4185 744 4267; baseline 0.026 -33"><span class='ocrx_word' id='word_1_302' title='bbox 86 4185 343 4254; x_wconf 61' lang='lat' dir='ltr'><strong>ladimanellum</strong></span> <span class='ocrx_word' id='word_1_303' title='bbox 364 4199 536 4264; x_wconf 69' lang='lat' dir='ltr'><strong>murreum,</strong></span> <span class='ocrx_word' id='word_1_304' title='bbox 554 4213 608 4252; x_wconf 88' lang='lat' dir='ltr'><strong>non</strong></span> <span class='ocrx_word' id='word_1_305' title='bbox 648 4205 744 4267; x_wconf 69' lang='lat' dir='ltr'><strong>pote.</strong></span> 
     </span>
    </p>

    <p class='ocr_par' dir='ltr' id='par_1_7' title="bbox 87 4271 517 4340">
     <span class='ocr_line' id='line_1_39' title="bbox 87 4271 517 4340; baseline 0.026 -23"><span class='ocrx_word' id='word_1_306' title='bbox 87 4271 291 4327; x_wconf 65' lang='lat' dir='ltr'><strong>perimantur</strong></span> <span class='ocrx_word' id='word_1_307' title='bbox 301 4273 410 4324; x_wconf 73' lang='lat' dir='ltr'><strong>Caeruli.</strong></span> <span class='ocrx_word' id='word_1_308' title='bbox 422 4289 450 4340; x_wconf 90' lang='lat' dir='ltr'><strong>p.</strong></span> <span class='ocrx_word' id='word_1_309' title='bbox 461 4277 517 4328; x_wconf 81' lang='lat' dir='ltr'><strong>rat.</strong></span> 
     </span>
    </p>
   </div>
   <div class='ocr_carea' id='block_1_5' title="bbox 0 0 1441 4792">
    <p class='ocr_par' dir='ltr' id='par_1_8' title="bbox 0 0 1441 4792">
     <span class='ocr_line' id='line_1_40' title="bbox 0 0 1441 4792; baseline 0 0"><span class='ocrx_word' id='word_1_310' title='bbox 0 0 1441 4792; x_wconf 95' lang='lat' dir='ltr'><strong> </strong></span> 
     </span>
    </p>
   </div>
  </div>
 </body>
</html>
