2817 4792
419 385 663 442 rorrnrronurr
686 389 830 440 ronnrs.
1125 371 1178 440 w

106 533 176 604 Serl
184 535 577 622 jampr'oqrerliamnrurl
588 541 894 618 reconsurneoim
907 538 968 620 qni
979 535 1174 602 Locrorum

63 645 97 706 et
111 639 239 704 Satirae
265 639 310 704 ab
331 659 372 704 eo
395 639 538 704 inventae
552 657 657 722 mnus
678 639 799 704 imitati
813 647 901 703 sunt.
946 639 1041 704 Huic
1055 639 1176 704 Satirae

65 739 209 824 primum
222 757 346 806 novam
359 741 456 824 plane
478 740 648 824 multoque
662 740 833 805 meliorem
851 741 960 806 induit
975 741 1114 806 formum
1127 740 1177 805 in-

68 843 199 924 genium
216 843 404 920 Honann,
428 843 486 928 qui
501 841 651 907 maculas
681 849 716 908 et
738 842 843 922 labes,
865 853 935 908 turn
956 845 1083 908 incuria
1096 863 1178 909 auo·

68 947 159 1022 toris,
175 951 250 1010 turn
265 945 384 1010 saesuli
400 947 495 1029 genio
509 945 541 1008 ei
560 963 729 1029 aspersas,
752 944 850 1025 eluit3
872 947 1045 1011 vernorum
1060 951 1178 1012 contu-

68 1049 172 1112 meliis
196 1051 232 1111 et
256 1047 447 1131 pennarum
466 1047 565 1131 jocos
594 1055 629 1113 et
652 1047 754 1126 sales,
776 1049 981 1132 orationique
1005 1048 1128 1112 subitae
1142 1053 1177 1113 et

69 1147 260 1227 incuriosae,
282 1148 424 1216 horridae
438 1156 472 1215 et
486 1150 629 1227 scabrae,
651 1150 824 1214 obsooenae
838 1155 875 1214 ot
887 1151 1036 1234 procaci,
1056 1159 1178 1214 tersum

69 1255 101 1314 et
114 1250 282 1328 limatam,
304 1271 422 1334 puram
435 1257 469 1316 et
483 1251 691 1334 aequabiliter
701 1252 866 1329 liuentem,
881 1251 1023 1316 maetam
1036 1257 1070 1316 et
1082 1253 1179 1316 urba-

70 1371 142 1418 nam
160 1354 359 1434 substituit3
383 1360 416 1419 et
438 1373 547 1440 neque
560 1354 684 1422 Graeca
704 1353 1178 1437 immortalitatemque

72 1453 171 1518 alium
187 1475 292 1539 qnam
307 1457 475 1522 heroicum
500 1473 630 1520 versum
645 1455 805 1520 adhibuit.
849 1454 950 1519 illum
979 1455 1044 1518 sibi
1066 1459 1180 1518 exeni-

73 1554 143 1637 plar
156 1575 362 1640 proposuere
376 1557 576 1640 posteriores
590 1554 700 1639 po'etae
715 1556 855 1634 satirici,
869 1557 972 1622 etiam
985 1556 1121 1622 secundi
1136 1557 1181 1622 ab

73 1658 318 1736 oo,Pnns1us
347 1665 380 1722 et
401 1657 424 1723 J
429 1674 639 1724 uvnunurs
669 1661 704 1724 at
726 1660 868 1744 quisque
891 1677 1007 1724 eornm
1024 1657 1182 1741 singulari

75 1777 185 1839 genere
200 1759 338 1826 dicendi
352 1780 434 1826 usus
449 1765 512 1839 est,
534 1767 568 1826 et
590 1761 724 1826 diversa
738 1761 878 1840 ratione,
900 1780 963 1846 pro
975 1761 1182 1843 ingeniorum

75 1867 324 1946 temporumque
339 1861 542 1942 diversitate,
564 1869 758 1946 argumenta
769 1866 934 1930 nectant.
973 1861 1077 1940 Quod
1090 1862 1184 1927 intel-

75 1961 190 2044 ligetur
201 1983 249 2028 ex
265 1963 418 2046 proxima
432 1967 721 2043 commentatione,
743 1967 778 2029 in
793 1984 861 2048 qua
874 1964 916 2029 de
934 1962 1082 2036 Horatio,
1101 1961 1183 2032 Per.-

77 2062 129 2142 u'o,
143 2085 183 2130 nc
200 2062 360 2128 Juoeuule
374 2085 524 2132 seorsum
540 2066 753 2146 disseremus,
765 2075 798 2132 et
811 2067 875 2132 bos
888 2065 1007 2151 potitae
1015 2066 1183 2144 satiricos,

79 2183 213 2248 quorum
228 2186 334 2251 opera
348 2169 501 2232 manibus
514 2167 624 2234 adbuc
638 2169 761 2232 nostris
776 2172 932 2245 teruntur,
946 2168 1031 2233 inter
1043 2187 1081 2232 se
1091 2186 1183 2232 com·

79 2269 281 2350 parabimus.
325 2267 425 2334 Nunc
440 2268 583 2334 sufficiat
596 2269 738 2334 breviter
751 2269 958 2340 recensuisse
971 2274 1099 2333 ceteros
1114 2263 1183 2330 Lu-

80 2367 139 2430 cilii
152 2369 350 2450 imitatores,
372 2389 512 2454 quorum
527 2369 648 2436 Satirne
663 2377 789 2436 tantum
802 2389 871 2435 non
881 2387 995 2436 omnes
1008 2368 1183 2435 intercide-

80 2477 166 2537 runt:
197 2472 291 2556 quod
321 2491 391 2555 qno
419 2474 530 2538 minus
556 2472 692 2555 gravius
716 2471 914 2548 doleremus,
950 2488 992 2537 oo
1016 2469 1183 2552 probibuit

82 2571 218 2652 somma,
241 2572 334 2656 qnod
352 2573 540 2638 binmviros
553 2573 632 2636 illos
645 2573 743 2637 nobis
758 2572 915 2637 servavb.
1005 2611 1010 2618 -

121 2672 205 2740 Ante
223 2672 411 2754 Horatium,
433 2675 492 2759 qni
507 2694 538 2740 a.
556 2673 599 2738 U.
615 2693 646 2738 c.
662 2674 739 2740 689.
755 2675 906 2759 adeoque
920 2689 975 2739 xl.
997 2674 1067 2740 fero
1088 2676 1184 2749 annis

83 2784 155 2860 post
168 2777 294 2844 Lucilii
307 2783 444 2844 mortem
457 2783 556 2844 natus
570 2784 633 2857 est,
655 2797 722 2842 non
734 2778 891 2855 debnsse,
917 2777 977 2861 qui
997 2776 1096 2861 hujus
1108 2777 1185 2860 qui·

85 2878 153 2944 rienr
174 2881 344 2966 exemplo,
367 2878 427 2944 sed
451 2899 567 2962 parurn
595 2898 759 2964 prospero
784 2885 926 2944 conatus
941 2896 1111 2954 successu,
1139 2877 1185 2944 ad
1272 2925 1284 2940 ..

86 2978 207 3048 Satires
221 2981 419 3048 scribendas
432 2981 578 3046 ammom
593 2982 809 3065 appellerent,
830 2981 886 3046 ille
902 2999 967 3047 nos
991 2979 1068 3063 ipsc
1086 2979 1186 3046 docet

88 3081 152 3150 Set.
169 3102 193 3149 1.
209 3085 265 3150 10.
280 3085 336 3150 46.
351 3103 423 3168 seq.
467 3083 573 3149 ‘Hoc
589 3085 776 3168 [satiricum
790 3082 926 3168 poema]
946 3086 1030 3159 erat,
1044 3088 1185 3165 experte

88 3183 200 3252 trustra
206 3187 359 3252 Varrone
367 3183 513 3252 Atacino
521 3184 633 3271 Atque
647 3186 850 3270 quibusdam
864 3186 952 3263 aliis,
965 3183 1085 3249 monus
1095 3185 1187 3267 qnod

90 3287 222 3354 nubere
232 3307 379 3374 possem,
402 3286 579 3354 Inventore
591 3286 718 3354 minor?
752 3288 824 3354 Hic
836 3293 889 3353 est
903 3288 946 3352 P.
960 3285 1185 3352 Tnanurrus

90 3385 232 3471 Vareno,
254 3398 353 3458 nabas
368 3391 499 3456 circiter
513 3411 545 3456 a.
561 3389 608 3456 U.
623 3411 654 3455 c.
668 3392 746 3456 670.
759 3395 794 3454 et
807 3410 828 3455 a
841 3391 951 3473 patria
963 3388 1084 3468 Atace,
1103 3385 1187 3452 Gal·

87 3489 140 3556 lie
166 3492 394 3560 Narbonensis
417 3493 508 3570 vico,
537 3492 588 3577 (v.
617 3491 759 3556 Hieron.
786 3492 822 3556 in
844 3489 965 3557 cirron.
994 3489 1121 3557 Enseb.
1141 3485 1187 3554 nd

95 3588 217 3680 olymp.
232 3595 310 3662 174.
325 3614 355 3659 a.
370 3595 419 3672 2.)
430 3593 483 3659 vel
497 3593 548 3674 ab,
556 3591 676 3670 Atace,
688 3591 899 3656 Narbonensi
911 3592 1026 3668 fluvio,
1039 3588 1093 3675 (v.
1105 3588 1188 3653 Por-

94 3695 178 3781 pbyr.
191 3698 235 3764 acl
250 3697 371 3764 Horat.
384 3697 406 3760 l.
421 3693 462 3781 l.)
476 3696 585 3762 (lictus
599 3693 812 3761 Anaorrrus.
856 3694 894 3758 Is
916 3699 1038 3777 praeter
1057 3691 1188 3757 Satires

94 3799 216 3882 scripsit
226 3799 452 3884 Argonautica
463 3796 651 3882 bellumque
660 3790 1187 3880 Sequanicum,etjudicioQuin·

95 3897 135 3964 til
149 3915 187 3966 x.
201 3903 234 3968 1.
249 3923 278 3967 s.
294 3901 348 3968 87.
371 3905 383 3935 ⁶
398 3901 433 3964 in
447 3901 501 3978 iis,
524 3919 583 3984 per
597 3919 674 3984 qnae
688 3917 808 3962 nomen
825 3901 876 3960 est
889 3898 1078 3972 mortus,
1090 3895 1188 3958 inter-

97 4015 162 4079 pres
184 4004 246 4070 suit
267 4003 379 4090 operis
402 4003 515 4080 alieni,
537 4019 603 4068 non
616 3999 820 4084 spernendus
840 3993 986 4080 quidem,
1011 4013 1128 4060 verum
1142 3995 1188 4063 ad

93 4105 469 4184 mrmoamsaculutem
484 4093 932 4186 dicendiparumlocnples.'
964 4095 1091 4162 Praeter
1099 4095 1188 4164 huno

93 4203 247 4306 numism
260 4209 530 4310 eliossqtmn
553 4201 686 4274 dicendi
709 4217 813 4302 genus
834 4199 1106 4285 busbamtese
1124 4215 1187 4276 ex,-
