<?xml version="1.0" encoding="UTF-8"?>
<!DOCTYPE html PUBLIC "-//W3C//DTD XHTML 1.0 Transitional//EN"
    "http://www.w3.org/TR/xhtml1/DTD/xhtml1-transitional.dtd">
<html xmlns="http://www.w3.org/1999/xhtml" xml:lang="en" lang="en">
 <head>
  <title>
</title>
<meta http-equiv="Content-Type" content="text/html;charset=utf-8" />
  <meta name='ocr-system' content='tesseract 3.04.00' />
  <meta name='ocr-capabilities' content='ocr_page ocr_carea ocr_par ocr_line ocrx_word'/>
</head>
<body>
  <div class='ocr_page' id='page_1' title='image "./djuniijuvenalis04persgoog_0033.png"; bbox 0 0 2817 4792; ppageno 0'>
   <div class='ocr_carea' id='block_1_1' title="bbox 512 425 1166 490">
    <p class='ocr_par' dir='ltr' id='par_1_1' title="bbox 512 425 1166 490">
     <span class='ocr_line' id='line_1_1' title="bbox 512 425 1166 490; baseline 0.002 -2"><span class='ocrx_word' id='word_1_1' title='bbox 512 439 719 490; x_wconf 74' lang='lat' dir='ltr'><strong>nnssnnro.</strong></span> <span class='ocrx_word' id='word_1_2' title='bbox 1122 425 1166 490; x_wconf 75' lang='grc'><strong>19</strong></span> 
     </span>
    </p>
   </div>
   <div class='ocr_carea' id='block_1_2' title="bbox 55 585 1167 1279">
    <p class='ocr_par' dir='ltr' id='par_1_2' title="bbox 55 585 1167 1279">
     <span class='ocr_line' id='line_1_2' title="bbox 55 585 1163 671; baseline 0.001 -20"><span class='ocrx_word' id='word_1_3' title='bbox 55 605 139 664; x_wconf 88' lang='lat' dir='ltr'><strong>rum,</strong></span> <span class='ocrx_word' id='word_1_4' title='bbox 153 585 380 670; x_wconf 73' lang='lat' dir='ltr'><strong>mythologie,</strong></span> <span class='ocrx_word' id='word_1_5' title='bbox 403 587 544 652; x_wconf 87' lang='lat' dir='ltr'><strong>scientia</strong></span> <span class='ocrx_word' id='word_1_6' title='bbox 566 587 775 671; x_wconf 75' lang='lat' dir='ltr'><strong>antiquitatis</strong></span> <span class='ocrx_word' id='word_1_7' title='bbox 798 589 833 650; x_wconf 89' lang='lat' dir='ltr'><strong>et</strong></span> <span class='ocrx_word' id='word_1_8' title='bbox 855 587 1060 670; x_wconf 74' lang='lat' dir='ltr'><strong>geographia</strong></span> <span class='ocrx_word' id='word_1_9' title='bbox 1072 585 1163 652; x_wconf 87' lang='lat' dir='ltr'><strong>illus·</strong></span> 
     </span>
     <span class='ocr_line' id='line_1_3' title="bbox 56 686 1164 772; baseline 0.001 -20"><span class='ocrx_word' id='word_1_10' title='bbox 56 693 190 762; x_wconf 78' lang='lat' dir='ltr'><strong>barem,</strong></span> <span class='ocrx_word' id='word_1_11' title='bbox 221 686 280 750; x_wconf 87' lang='lat' dir='ltr'><strong>sed</strong></span> <span class='ocrx_word' id='word_1_12' title='bbox 304 688 405 751; x_wconf 83' lang='lat' dir='ltr'><strong>etiam</strong></span> <span class='ocrx_word' id='word_1_13' title='bbox 430 689 473 751; x_wconf 81' lang='lat' dir='ltr'><strong>ad</strong></span> <span class='ocrx_word' id='word_1_14' title='bbox 499 707 566 764; x_wconf 86' lang='lat' dir='ltr'><strong>ea,·</strong></span> <span class='ocrx_word' id='word_1_15' title='bbox 580 709 656 772; x_wconf 79' lang='lat' dir='ltr'><strong>quas</strong></span> <span class='ocrx_word' id='word_1_16' title='bbox 680 689 763 752; x_wconf 83' lang='lat' dir='ltr'><strong>sive&#39;</strong></span> <span class='ocrx_word' id='word_1_17' title='bbox 776 687 915 770; x_wconf 86' lang='lat' dir='ltr'><strong>pulchra</strong></span> <span class='ocrx_word' id='word_1_18' title='bbox 926 693 959 753; x_wconf 87' lang='lat' dir='ltr'><strong>et</strong></span> <span class='ocrx_word' id='word_1_19' title='bbox 973 693 1064 772; x_wconf 90' lang='lat' dir='ltr'><strong>apta,</strong></span> <span class='ocrx_word' id='word_1_20' title='bbox 1090 690 1164 753; x_wconf 76' lang='lat' dir='ltr'><strong>sive</strong></span> 
     </span>
     <span class='ocr_line' id='line_1_4' title="bbox 58 789 1166 872; baseline 0 -20"><span class='ocrx_word' id='word_1_21' title='bbox 58 807 165 872; x_wconf 85' lang='lat' dir='ltr'><strong>prava</strong></span> <span class='ocrx_word' id='word_1_22' title='bbox 178 795 212 853; x_wconf 87' lang='lat' dir='ltr'><strong>et</strong></span> <span class='ocrx_word' id='word_1_23' title='bbox 226 789 336 852; x_wconf 87' lang='lat' dir='ltr'><strong>aliena</strong></span> <span class='ocrx_word' id='word_1_24' title='bbox 349 795 471 867; x_wconf 89' lang='lat' dir='ltr'><strong>essent,</strong></span> <span class='ocrx_word' id='word_1_25' title='bbox 487 790 530 854; x_wconf 90' lang='lat' dir='ltr'><strong>ad</strong></span> <span class='ocrx_word' id='word_1_26' title='bbox 545 791 751 856; x_wconf 86' lang='lat' dir='ltr'><strong>inventorum</strong></span> <span class='ocrx_word' id='word_1_27' title='bbox 764 789 901 866; x_wconf 83' lang='lat' dir='ltr'><strong>fontem,</strong></span> <span class='ocrx_word' id='word_1_28' title='bbox 911 789 956 852; x_wconf 90' lang='lat' dir='ltr'><strong>ad</strong></span> <span class='ocrx_word' id='word_1_29' title='bbox 969 809 1078 854; x_wconf 85' lang='lat' dir='ltr'><strong>rerum</strong></span> <span class='ocrx_word' id='word_1_30' title='bbox 1091 809 1166 854; x_wconf 80' lang='lat' dir='ltr'><strong>ver·</strong></span> 
     </span>
     <span class='ocr_line' id='line_1_5' title="bbox 58 891 1165 974; baseline 0.002 -20"><span class='ocrx_word' id='word_1_31' title='bbox 58 891 247 974; x_wconf 86' lang='lat' dir='ltr'><strong>horumque</strong></span> <span class='ocrx_word' id='word_1_32' title='bbox 264 897 464 968; x_wconf 82' lang='lat' dir='ltr'><strong>emanente,</strong></span> <span class='ocrx_word' id='word_1_33' title='bbox 485 891 528 955; x_wconf 87' lang='lat' dir='ltr'><strong>ad</strong></span> <span class='ocrx_word' id='word_1_34' title='bbox 543 891 653 974; x_wconf 69' lang='lat' dir='ltr'><strong>poeta</strong></span> <span class='ocrx_word' id='word_1_35' title='bbox 667 892 849 956; x_wconf 86' lang='lat' dir='ltr'><strong>doctrinam</strong></span> <span class='ocrx_word' id='word_1_36' title='bbox 862 898 896 956; x_wconf 90' lang='lat' dir='ltr'><strong>et</strong></span> <span class='ocrx_word' id='word_1_37' title='bbox 909 896 1010 955; x_wconf 70' lang='lat' dir='ltr'><strong>anem</strong></span> <span class='ocrx_word' id='word_1_38' title='bbox 1025 893 1059 956; x_wconf 91' lang='lat' dir='ltr'><strong>in</strong></span> <span class='ocrx_word' id='word_1_39' title='bbox 1074 892 1165 956; x_wconf 81' lang='lat' dir='ltr'><strong>inve·</strong></span> 
     </span>
     <span class='ocr_line' id='line_1_6' title="bbox 60 991 1166 1076; baseline 0.003 -20"><span class='ocrx_word' id='word_1_40' title='bbox 60 991 195 1056; x_wconf 82' lang='lat' dir='ltr'><strong>niendis&#39;</strong></span> <span class='ocrx_word' id='word_1_41' title='bbox 204 993 452 1076; x_wconf 80' lang='lat' dir='ltr'><strong>tractandisque</strong></span> <span class='ocrx_word' id='word_1_42' title='bbox 467 993 580 1071; x_wconf 87' lang='lat' dir='ltr'><strong>rebus,</strong></span> <span class='ocrx_word' id='word_1_43' title='bbox 596 992 643 1058; x_wconf 85' lang='lat' dir='ltr'><strong>ad</strong></span> <span class='ocrx_word' id='word_1_44' title='bbox 653 993 799 1074; x_wconf 85' lang='lat' dir='ltr'><strong>partium</strong></span> <span class='ocrx_word' id='word_1_45' title='bbox 813 993 899 1056; x_wconf 83' lang='lat' dir='ltr'><strong>inter</strong></span> <span class='ocrx_word' id='word_1_46' title='bbox 913 1011 950 1054; x_wconf 86' lang='lat' dir='ltr'><strong>se</strong></span> <span class='ocrx_word' id='word_1_47' title='bbox 963 995 1166 1059; x_wconf 55' lang='lat' dir='ltr'><strong>conveniam*</strong></span> 
     </span>
     <span class='ocr_line' id='line_1_7' title="bbox 59 1093 1167 1176; baseline 0.003 -19"><span class='ocrx_word' id='word_1_48' title='bbox 59 1095 138 1157; x_wconf 83' lang='lat' dir='ltr'><strong>tiam</strong></span> <span class='ocrx_word' id='word_1_49' title='bbox 153 1098 186 1158; x_wconf 87' lang='lat' dir='ltr'><strong>et</strong></span> <span class='ocrx_word' id='word_1_50' title='bbox 203 1093 247 1158; x_wconf 88' lang='lat' dir='ltr'><strong>ad</strong></span> <span class='ocrx_word' id='word_1_51' title='bbox 262 1111 437 1157; x_wconf 88' lang='lat' dir='ltr'><strong>commune</strong></span> <span class='ocrx_word' id='word_1_52' title='bbox 452 1093 628 1159; x_wconf 86' lang='lat' dir='ltr'><strong>consilium</strong></span> <span class='ocrx_word' id='word_1_53' title='bbox 641 1093 939 1176; x_wconf 71' lang='lat' dir='ltr'><strong>conspirationem,</strong></span> <span class='ocrx_word' id='word_1_54' title='bbox 945 1099 1089 1158; x_wconf 70' lang='lat' dir='ltr'><strong>mentun</strong></span> <span class='ocrx_word' id='word_1_55' title='bbox 1098 1095 1167 1160; x_wconf 89' lang='lat' dir='ltr'><strong>lec·</strong></span> 
     </span>
     <span class='ocr_line' id='line_1_8' title="bbox 61 1193 1167 1279; baseline 0.003 -21"><span class='ocrx_word' id='word_1_56' title='bbox 61 1201 168 1258; x_wconf 88' lang='lat' dir='ltr'><strong>torum</strong></span> <span class='ocrx_word' id='word_1_57' title='bbox 182 1194 394 1259; x_wconf 89' lang='lat' dir='ltr'><strong>intenderem.</strong></span> <span class='ocrx_word' id='word_1_58' title='bbox 439 1193 562 1259; x_wconf 86' lang='lat' dir='ltr'><strong>Omnia</strong></span> <span class='ocrx_word' id='word_1_59' title='bbox 574 1212 705 1277; x_wconf 89' lang='lat' dir='ltr'><strong>qnoque</strong></span> <span class='ocrx_word' id='word_1_60' title='bbox 725 1193 769 1255; x_wconf 88' lang='lat' dir='ltr'><strong>ad</strong></span> <span class='ocrx_word' id='word_1_61' title='bbox 791 1213 925 1258; x_wconf 72' lang='lat' dir='ltr'><strong>mum</strong></span> <span class='ocrx_word' id='word_1_62' title='bbox 938 1203 1046 1260; x_wconf 83' lang='lat' dir='ltr'><strong>meum</strong></span> <span class='ocrx_word' id='word_1_63' title='bbox 1058 1195 1167 1279; x_wconf 79' lang='lat' dir='ltr'><strong>expli·</strong></span> 
     </span>
    </p>
   </div>
   <div class='ocr_carea' id='block_1_3' title="bbox 62 1293 1169 1587">
    <p class='ocr_par' dir='ltr' id='par_1_3' title="bbox 62 1293 1169 1587">
     <span class='ocr_line' id='line_1_9' title="bbox 62 1293 1169 1378; baseline -0.002 -15"><span class='ocrx_word' id='word_1_64' title='bbox 62 1315 137 1363; x_wconf 81' lang='lat' dir='ltr'><strong>aare</strong></span> <span class='ocrx_word' id='word_1_65' title='bbox 152 1301 295 1360; x_wconf 88' lang='lat' dir='ltr'><strong>conatus</strong></span> <span class='ocrx_word' id='word_1_66' title='bbox 310 1315 383 1362; x_wconf 88' lang='lat' dir='ltr'><strong>sum</strong></span> <span class='ocrx_word' id='word_1_67' title='bbox 398 1301 485 1371; x_wconf 67' lang='lat' dir='ltr'><strong>nub,</strong></span> <span class='ocrx_word' id='word_1_68' title='bbox 502 1313 603 1378; x_wconf 90' lang='lat' dir='ltr'><strong>qnam</strong></span> <span class='ocrx_word' id='word_1_69' title='bbox 617 1295 813 1378; x_wconf 89' lang='lat' dir='ltr'><strong>interpretes</strong></span> <span class='ocrx_word' id='word_1_70' title='bbox 828 1293 1045 1361; x_wconf 73' lang='lat' dir='ltr'><strong>comulatam.</strong></span> <span class='ocrx_word' id='word_1_71' title='bbox 1074 1293 1169 1373; x_wconf 83' lang='lat' dir='ltr'><strong>Quo·</strong></span> 
     </span>
     <span class='ocr_line' id='line_1_10' title="bbox 62 1395 1169 1483; baseline 0 -19"><span class='ocrx_word' id='word_1_72' title='bbox 62 1399 121 1464; x_wconf 88' lang='lat' dir='ltr'><strong>ties</strong></span> <span class='ocrx_word' id='word_1_73' title='bbox 135 1403 259 1475; x_wconf 60' lang='lat' dir='ltr'><strong>annm,</strong></span> <span class='ocrx_word' id='word_1_74' title='bbox 273 1419 349 1483; x_wconf 84' lang='lat' dir='ltr'><strong>quse</strong></span> <span class='ocrx_word' id='word_1_75' title='bbox 366 1397 423 1462; x_wconf 86' lang='lat' dir='ltr'><strong>alii</strong></span> <span class='ocrx_word' id='word_1_76' title='bbox 441 1397 515 1482; x_wconf 85' lang='lat' dir='ltr'><strong>jam</strong></span> <span class='ocrx_word' id='word_1_77' title='bbox 530 1401 790 1480; x_wconf 82' lang='lat' dir='ltr'><strong>occupaverant,</strong></span> <span class='ocrx_word' id='word_1_78' title='bbox 803 1395 932 1472; x_wconf 80' lang='lat' dir='ltr'><strong>notavi,</strong></span> <span class='ocrx_word' id='word_1_79' title='bbox 947 1415 1076 1482; x_wconf 87' lang='lat' dir='ltr'><strong>semper</strong></span> <span class='ocrx_word' id='word_1_80' title='bbox 1097 1417 1169 1464; x_wconf 88' lang='lat' dir='ltr'><strong>mo·</strong></span> 
     </span>
     <span class='ocr_line' id='line_1_11' title="bbox 63 1497 1169 1587; baseline 0.003 -25"><span class='ocrx_word' id='word_1_81' title='bbox 63 1500 129 1576; x_wconf 90' lang='lat' dir='ltr'><strong>nui,</strong></span> <span class='ocrx_word' id='word_1_82' title='bbox 149 1500 271 1583; x_wconf 90' lang='lat' dir='ltr'><strong>quibus</strong></span> <span class='ocrx_word' id='word_1_83' title='bbox 286 1517 327 1564; x_wconf 90' lang='lat' dir='ltr'><strong>ea</strong></span> <span class='ocrx_word' id='word_1_84' title='bbox 341 1498 511 1564; x_wconf 85' lang='lat' dir='ltr'><strong>deberem:</strong></span> <span class='ocrx_word' id='word_1_85' title='bbox 534 1517 611 1562; x_wconf 88' lang='lat' dir='ltr'><strong>nam</strong></span> <span class='ocrx_word' id='word_1_86' title='bbox 626 1499 769 1564; x_wconf 74' lang='lat' dir='ltr'><strong>alionum</strong></span> <span class='ocrx_word' id='word_1_87' title='bbox 781 1497 1111 1587; x_wconf 83' lang='lat' dir='ltr'><strong>serinia-compilare,</strong></span> <span class='ocrx_word' id='word_1_88' title='bbox 1134 1509 1169 1566; x_wconf 87' lang='lat' dir='ltr'><strong>et</strong></span> 
     </span>
    </p>
   </div>
   <div class='ocr_carea' id='block_1_4' title="bbox 64 1601 1182 4324">
    <p class='ocr_par' dir='ltr' id='par_1_4' title="bbox 64 1601 1174 3102">
     <span class='ocr_line' id='line_1_12' title="bbox 65 1601 1169 1686; baseline 0.004 -22"><span class='ocrx_word' id='word_1_89' title='bbox 65 1601 163 1666; x_wconf 78' lang='lat' dir='ltr'><strong>irntar</strong></span> <span class='ocrx_word' id='word_1_90' title='bbox 198 1601 326 1683; x_wconf 80' lang='lat' dir='ltr'><strong>graculi</strong></span> <span class='ocrx_word' id='word_1_91' title='bbox 356 1601 505 1684; x_wconf 79' lang='lat' dir='ltr'><strong>superbi,</strong></span> <span class='ocrx_word' id='word_1_92' title='bbox 545 1602 662 1684; x_wconf 88' lang='lat' dir='ltr'><strong>pennis</strong></span> <span class='ocrx_word' id='word_1_93' title='bbox 688 1601 833 1686; x_wconf 82' lang='lat' dir='ltr'><strong>pavonis</strong></span> <span class='ocrx_word' id='word_1_94' title='bbox 859 1603 1023 1679; x_wconf 76' lang='lat' dir='ltr'><strong>exornati,</strong></span> <span class='ocrx_word' id='word_1_95' title='bbox 1053 1601 1169 1668; x_wconf 83' lang='lat' dir='ltr'><strong>alienis</strong></span> 
     </span>
     <span class='ocr_line' id='line_1_13' title="bbox 64 1701 1168 1785; baseline 0.004 -21"><span class='ocrx_word' id='word_1_96' title='bbox 64 1701 158 1766; x_wconf 86' lang='lat' dir='ltr'><strong>bonis</strong></span> <span class='ocrx_word' id='word_1_97' title='bbox 172 1703 321 1783; x_wconf 81' lang='lat' dir='ltr'><strong>gloriari,</strong></span> <span class='ocrx_word' id='word_1_98' title='bbox 343 1702 439 1784; x_wconf 79' lang='lat' dir='ltr'><strong>lunge</strong></span> <span class='ocrx_word' id='word_1_99' title='bbox 464 1720 486 1766; x_wconf 90' lang='lat' dir='ltr'><strong>a</strong></span> <span class='ocrx_word' id='word_1_100' title='bbox 506 1702 654 1768; x_wconf 91' lang='lat' dir='ltr'><strong>moribus</strong></span> <span class='ocrx_word' id='word_1_101' title='bbox 671 1701 889 1785; x_wconf 67' lang='lat' dir='ltr'><strong>cursibusque</strong></span> <span class='ocrx_word' id='word_1_102' title='bbox 903 1703 989 1766; x_wconf 89' lang='lat' dir='ltr'><strong>meis</strong></span> <span class='ocrx_word' id='word_1_103' title='bbox 1001 1701 1168 1768; x_wconf 84' lang='lat' dir='ltr'><strong>abhorret.</strong></span> 
     </span>
     <span class='ocr_line' id='line_1_14' title="bbox 67 1801 1169 1888; baseline 0.002 -22"><span class='ocrx_word' id='word_1_104' title='bbox 67 1801 129 1866; x_wconf 90' lang='lat' dir='ltr'><strong>Sed</strong></span> <span class='ocrx_word' id='word_1_105' title='bbox 153 1803 234 1869; x_wconf 85' lang='lat' dir='ltr'><strong>furti</strong></span> <span class='ocrx_word' id='word_1_106' title='bbox 248 1802 387 1867; x_wconf 88' lang='lat' dir='ltr'><strong>&#39;invidia</strong></span> <span class='ocrx_word' id='word_1_107' title='bbox 411 1803 496 1870; x_wconf 90' lang='lat' dir='ltr'><strong>mihi</strong></span> <span class='ocrx_word' id='word_1_108' title='bbox 515 1803 724 1888; x_wconf 83' lang='lat' dir='ltr'><strong>deprecanda</strong></span> <span class='ocrx_word' id='word_1_109' title='bbox 744 1808 814 1880; x_wconf 84' lang='lat' dir='ltr'><strong>est„</strong></span> <span class='ocrx_word' id='word_1_110' title='bbox 832 1803 863 1867; x_wconf 92' lang='lat' dir='ltr'><strong>si</strong></span> <span class='ocrx_word' id='word_1_111' title='bbox 881 1805 957 1887; x_wconf 88' lang='lat' dir='ltr'><strong>quis</strong></span> <span class='ocrx_word' id='word_1_112' title='bbox 970 1803 1053 1868; x_wconf 81' lang='lat' dir='ltr'><strong>sorte</strong></span> <span class='ocrx_word' id='word_1_113' title='bbox 1066 1803 1169 1868; x_wconf 79' lang='lat' dir='ltr'><strong>odera·</strong></span> 
     </span>
     <span class='ocr_line' id='line_1_15' title="bbox 67 1901 1169 1988; baseline 0.003 -23"><span class='ocrx_word' id='word_1_114' title='bbox 67 1901 148 1969; x_wconf 87' lang='lat' dir='ltr'><strong>derit</strong></span> <span class='ocrx_word' id='word_1_115' title='bbox 169 1903 341 1980; x_wconf 87' lang='lat' dir='ltr'><strong>nonnulla,</strong></span> <span class='ocrx_word' id='word_1_116' title='bbox 366 1904 420 1969; x_wconf 78' lang='lat' dir='ltr'><strong>vel</strong></span> <span class='ocrx_word' id='word_1_117' title='bbox 438 1904 590 1988; x_wconf 78' lang='lat' dir='ltr'><strong>vulgaria</strong></span> <span class='ocrx_word' id='word_1_118' title='bbox 610 1908 643 1967; x_wconf 88' lang='lat' dir='ltr'><strong>et</strong></span> <span class='ocrx_word' id='word_1_119' title='bbox 655 1904 896 1970; x_wconf 83' lang='lat' dir='ltr'><strong>eruditiscerte</strong></span> <span class='ocrx_word' id='word_1_120' title='bbox 910 1905 1096 1968; x_wconf 85' lang='lat' dir='ltr'><strong>homirdbus</strong></span> <span class='ocrx_word' id='word_1_121' title='bbox 1109 1923 1169 1968; x_wconf 89' lang='lat' dir='ltr'><strong>no-</strong></span> 
     </span>
     <span class='ocr_line' id='line_1_16' title="bbox 68 2004 1171 2090; baseline 0 -20"><span class='ocrx_word' id='word_1_122' title='bbox 68 2005 204 2084; x_wconf 83' lang='lat' dir='ltr'><strong>tissima,</strong></span> <span class='ocrx_word' id='word_1_123' title='bbox 232 2025 309 2090; x_wconf 81' lang='lat' dir='ltr'><strong>quae</strong></span> <span class='ocrx_word' id='word_1_124' title='bbox 332 2005 430 2088; x_wconf 78' lang='lat' dir='ltr'><strong>igitur</strong></span> <span class='ocrx_word' id='word_1_125' title='bbox 456 2005 554 2071; x_wconf 80' lang='lat' dir='ltr'><strong>facile</strong></span> <span class='ocrx_word' id='word_1_126' title='bbox 576 2004 733 2088; x_wconf 88' lang='lat' dir='ltr'><strong>pluribus</strong></span> <span class='ocrx_word' id='word_1_127' title='bbox 751 2011 872 2087; x_wconf 88' lang='lat' dir='ltr'><strong>sponte</strong></span> <span class='ocrx_word' id='word_1_128' title='bbox 884 2007 920 2070; x_wconf 91' lang='lat' dir='ltr'><strong>in</strong></span> <span class='ocrx_word' id='word_1_129' title='bbox 933 2011 1071 2072; x_wconf 86' lang='lat' dir='ltr'><strong>mentem</strong></span> <span class='ocrx_word' id='word_1_130' title='bbox 1086 2006 1171 2072; x_wconf 90' lang='lat' dir='ltr'><strong>inci·</strong></span> 
     </span>
     <span class='ocr_line' id='line_1_17' title="bbox 69 2105 1173 2192; baseline 0.004 -22"><span class='ocrx_word' id='word_1_131' title='bbox 69 2105 140 2178; x_wconf 88' lang='lat' dir='ltr'><strong>dere</strong></span> <span class='ocrx_word' id='word_1_132' title='bbox 164 2111 310 2192; x_wconf 73' lang='lat' dir='ltr'><strong>possmt</strong></span> <span class='ocrx_word' id='word_1_133' title='bbox 335 2113 369 2172; x_wconf 88' lang='lat' dir='ltr'><strong>et</strong></span> <span class='ocrx_word' id='word_1_134' title='bbox 388 2107 464 2174; x_wconf 88' lang='lat' dir='ltr'><strong>hinc</strong></span> <span class='ocrx_word' id='word_1_135' title='bbox 493 2127 519 2174; x_wconf 88' lang='lat' dir='ltr'><strong>a</strong></span> <span class='ocrx_word' id='word_1_136' title='bbox 538 2105 689 2191; x_wconf 85' lang='lat' dir='ltr'><strong>pluribus</strong></span> <span class='ocrx_word' id='word_1_137' title='bbox 714 2126 851 2191; x_wconf 88' lang='lat' dir='ltr'><strong>quoqne</strong></span> <span class='ocrx_word' id='word_1_138' title='bbox 872 2112 986 2172; x_wconf 87' lang='lat' dir='ltr'><strong>notata</strong></span> <span class='ocrx_word' id='word_1_139' title='bbox 1002 2114 1091 2184; x_wconf 90' lang='lat' dir='ltr'><strong>snut,</strong></span> <span class='ocrx_word' id='word_1_140' title='bbox 1114 2107 1173 2174; x_wconf 76' lang='lat' dir='ltr'><strong>rel</strong></span> 
     </span>
     <span class='ocr_line' id='line_1_18' title="bbox 70 2208 1170 2293; baseline 0.003 -22"><span class='ocrx_word' id='word_1_141' title='bbox 70 2209 172 2272; x_wconf 86' lang='lat' dir='ltr'><strong>miuus</strong></span> <span class='ocrx_word' id='word_1_142' title='bbox 183 2209 300 2286; x_wconf 80' lang='lat' dir='ltr'><strong>ebria,</strong></span> <span class='ocrx_word' id='word_1_143' title='bbox 313 2229 388 2292; x_wconf 78' lang='lat' dir='ltr'><strong>quae</strong></span> <span class='ocrx_word' id='word_1_144' title='bbox 403 2209 447 2274; x_wconf 88' lang='lat' dir='ltr'><strong>ab</strong></span> <span class='ocrx_word' id='word_1_145' title='bbox 463 2208 539 2276; x_wconf 85' lang='lat' dir='ltr'><strong>aliis</strong></span> <span class='ocrx_word' id='word_1_146' title='bbox 550 2209 622 2293; x_wconf 85' lang='lat' dir='ltr'><strong>jam</strong></span> <span class='ocrx_word' id='word_1_147' title='bbox 638 2209 763 2274; x_wconf 86' lang='lat' dir='ltr'><strong>alicubi</strong></span> <span class='ocrx_word' id='word_1_148' title='bbox 777 2209 955 2273; x_wconf 83' lang='lat' dir='ltr'><strong>observata</strong></span> <span class='ocrx_word' id='word_1_149' title='bbox 968 2209 1170 2274; x_wconf 72' lang='lat' dir='ltr'><strong>memineritz</strong></span> 
     </span>
     <span class='ocr_line' id='line_1_19' title="bbox 73 2309 1173 2386; baseline -0.001 -13"><span class='ocrx_word' id='word_1_150' title='bbox 73 2311 284 2374; x_wconf 81' lang='lat' dir='ltr'><strong>emneseniur</strong></span> <span class='ocrx_word' id='word_1_151' title='bbox 298 2311 447 2376; x_wconf 83' lang='lat' dir='ltr'><strong>virorum</strong></span> <span class='ocrx_word' id='word_1_152' title='bbox 468 2309 642 2377; x_wconf 88' lang='lat' dir='ltr'><strong>doctorum</strong></span> <span class='ocrx_word' id='word_1_153' title='bbox 664 2311 770 2375; x_wconf 90' lang='lat' dir='ltr'><strong>libros</strong></span> <span class='ocrx_word' id='word_1_154' title='bbox 789 2317 824 2376; x_wconf 90' lang='lat' dir='ltr'><strong>et</strong></span> <span class='ocrx_word' id='word_1_155' title='bbox 847 2311 1113 2386; x_wconf 84' lang='lat' dir='ltr'><strong>commentarios,</strong></span> <span class='ocrx_word' id='word_1_156' title='bbox 1136 2311 1173 2374; x_wconf 90' lang='lat' dir='ltr'><strong>in</strong></span> 
     </span>
     <span class='ocr_line' id='line_1_20' title="bbox 72 2411 1173 2495; baseline -0.001 -21"><span class='ocrx_word' id='word_1_157' title='bbox 72 2411 186 2492; x_wconf 85' lang='lat' dir='ltr'><strong>quibus</strong></span> <span class='ocrx_word' id='word_1_158' title='bbox 208 2429 299 2476; x_wconf 85' lang='lat' dir='ltr'><strong>nnus</strong></span> <span class='ocrx_word' id='word_1_159' title='bbox 321 2417 356 2476; x_wconf 88' lang='lat' dir='ltr'><strong>et</strong></span> <span class='ocrx_word' id='word_1_160' title='bbox 379 2411 462 2476; x_wconf 88' lang='lat' dir='ltr'><strong>alter</strong></span> <span class='ocrx_word' id='word_1_161' title='bbox 485 2411 596 2495; x_wconf 67' lang='lat' dir='ltr'><strong>poete</strong></span> <span class='ocrx_word' id='word_1_162' title='bbox 621 2412 728 2476; x_wconf 88' lang='lat' dir='ltr'><strong>nostri</strong></span> <span class='ocrx_word' id='word_1_163' title='bbox 747 2412 843 2476; x_wconf 89' lang='lat' dir='ltr'><strong>locus</strong></span> <span class='ocrx_word' id='word_1_164' title='bbox 861 2411 1050 2486; x_wconf 84' lang='lat' dir='ltr'><strong>illustratur,</strong></span> <span class='ocrx_word' id='word_1_165' title='bbox 1064 2427 1173 2492; x_wconf 86' lang='lat' dir='ltr'><strong>neque</strong></span> 
     </span>
     <span class='ocr_line' id='line_1_21' title="bbox 73 2511 1173 2594; baseline 0.001 -19"><span class='ocrx_word' id='word_1_166' title='bbox 73 2511 146 2576; x_wconf 87' lang='lat' dir='ltr'><strong>mibi</strong></span> <span class='ocrx_word' id='word_1_167' title='bbox 161 2531 356 2594; x_wconf 85' lang='lat' dir='ltr'><strong>comparare</strong></span> <span class='ocrx_word' id='word_1_168' title='bbox 370 2513 416 2576; x_wconf 90' lang='lat' dir='ltr'><strong>rei</strong></span> <span class='ocrx_word' id='word_1_169' title='bbox 432 2512 605 2576; x_wconf 81' lang='lat' dir='ltr'><strong>familiaris</strong></span> <span class='ocrx_word' id='word_1_170' title='bbox 619 2511 775 2592; x_wconf 76' lang='lat' dir='ltr'><strong>angustia</strong></span> <span class='ocrx_word' id='word_1_171' title='bbox 787 2511 923 2594; x_wconf 83' lang='lat' dir='ltr'><strong>patitur,</strong></span> <span class='ocrx_word' id='word_1_172' title='bbox 944 2527 1052 2594; x_wconf 90' lang='lat' dir='ltr'><strong>neque</strong></span> <span class='ocrx_word' id='word_1_173' title='bbox 1070 2528 1173 2576; x_wconf 81' lang='lat' dir='ltr'><strong>exen-</strong></span> 
     </span>
     <span class='ocr_line' id='line_1_22' title="bbox 73 2611 1173 2696; baseline 0 -18"><span class='ocrx_word' id='word_1_174' title='bbox 73 2621 136 2678; x_wconf 87' lang='lat' dir='ltr'><strong>tera</strong></span> <span class='ocrx_word' id='word_1_175' title='bbox 158 2615 211 2680; x_wconf 79' lang='lat' dir='ltr'><strong>vel</strong></span> <span class='ocrx_word' id='word_1_176' title='bbox 237 2619 338 2679; x_wconf 78' lang='lat' dir='ltr'><strong>vacat</strong></span> <span class='ocrx_word' id='word_1_177' title='bbox 363 2613 415 2678; x_wconf 82' lang='lat' dir='ltr'><strong>vel</strong></span> <span class='ocrx_word' id='word_1_178' title='bbox 440 2613 542 2678; x_wconf 90' lang='lat' dir='ltr'><strong>lubet.</strong></span> <span class='ocrx_word' id='word_1_179' title='bbox 586 2611 679 2680; x_wconf 89' lang='lat' dir='ltr'><strong>Hinc</strong></span> <span class='ocrx_word' id='word_1_180' title='bbox 700 2631 836 2696; x_wconf 87' lang='lat' dir='ltr'><strong>quoque</strong></span> <span class='ocrx_word' id='word_1_181' title='bbox 854 2613 986 2677; x_wconf 78' lang='lat' dir='ltr'><strong>veniam</strong></span> <span class='ocrx_word' id='word_1_182' title='bbox 998 2613 1081 2676; x_wconf 88' lang='lat' dir='ltr'><strong>mihi</strong></span> <span class='ocrx_word' id='word_1_183' title='bbox 1095 2612 1173 2678; x_wconf 88' lang='lat' dir='ltr'><strong>dent</strong></span> 
     </span>
     <span class='ocr_line' id='line_1_23' title="bbox 75 2713 1173 2800; baseline 0.005 -23"><span class='ocrx_word' id='word_1_184' title='bbox 75 2733 138 2793; x_wconf 84' lang='lat' dir='ltr'><strong>oro,</strong></span> <span class='ocrx_word' id='word_1_185' title='bbox 149 2717 205 2800; x_wconf 89' lang='lat' dir='ltr'><strong>qui</strong></span> <span class='ocrx_word' id='word_1_186' title='bbox 219 2735 285 2780; x_wconf 91' lang='lat' dir='ltr'><strong>nou</strong></span> <span class='ocrx_word' id='word_1_187' title='bbox 298 2720 481 2781; x_wconf 86' lang='lat' dir='ltr'><strong>memorata</strong></span> <span class='ocrx_word' id='word_1_188' title='bbox 493 2713 637 2779; x_wconf 84' lang='lat' dir='ltr'><strong>videuint</strong></span> <span class='ocrx_word' id='word_1_189' title='bbox 650 2713 808 2796; x_wconf 69' lang='lat' dir='ltr'><strong>quaedam</strong></span> <span class='ocrx_word' id='word_1_190' title='bbox 820 2733 843 2778; x_wconf 82' lang='lat' dir='ltr'><strong>a</strong></span> <span class='ocrx_word' id='word_1_191' title='bbox 857 2731 894 2777; x_wconf 89' lang='lat' dir='ltr'><strong>se</strong></span> <span class='ocrx_word' id='word_1_192' title='bbox 908 2714 962 2778; x_wconf 88' lang='lat' dir='ltr'><strong>vel</strong></span> <span class='ocrx_word' id='word_1_193' title='bbox 976 2713 1054 2779; x_wconf 90' lang='lat' dir='ltr'><strong>aliis</strong></span> <span class='ocrx_word' id='word_1_194' title='bbox 1068 2715 1173 2782; x_wconf 83' lang='lat' dir='ltr'><strong>anim·</strong></span> 
     </span>
     <span class='ocr_line' id='line_1_24' title="bbox 77 2813 1174 2898; baseline 0 -20"><span class='ocrx_word' id='word_1_195' title='bbox 77 2815 209 2882; x_wconf 64' lang='lat' dir='ltr'><strong>adrosa</strong></span> <span class='ocrx_word' id='word_1_196' title='bbox 232 2818 266 2882; x_wconf 93' lang='lat' dir='ltr'><strong>in</strong></span> <span class='ocrx_word' id='word_1_197' title='bbox 293 2816 516 2898; x_wconf 75' lang='lat' dir='ltr'><strong>singularibus</strong></span> <span class='ocrx_word' id='word_1_198' title='bbox 539 2817 672 2892; x_wconf 83' lang='lat' dir='ltr'><strong>libellis,</strong></span> <span class='ocrx_word' id='word_1_199' title='bbox 698 2816 752 2880; x_wconf 89' lang='lat' dir='ltr'><strong>vel</strong></span> <span class='ocrx_word' id='word_1_200' title='bbox 766 2815 974 2880; x_wconf 68' lang='lat' dir='ltr'><strong>versionibus</strong></span> <span class='ocrx_word' id='word_1_201' title='bbox 988 2813 1174 2894; x_wconf 62' lang='lat' dir='ltr'><strong>Juvenffl,</strong></span> 
     </span>
     <span class='ocr_line' id='line_1_25' title="bbox 77 2915 1174 3000; baseline 0.003 -23"><span class='ocrx_word' id='word_1_202' title='bbox 77 2917 126 2980; x_wconf 76' lang='lat' dir='ltr'><strong>vel</strong></span> <span class='ocrx_word' id='word_1_203' title='bbox 139 2919 378 2984; x_wconf 88' lang='lat' dir='ltr'><strong>commentariis</strong></span> <span class='ocrx_word' id='word_1_204' title='bbox 392 2919 428 2984; x_wconf 92' lang='lat' dir='ltr'><strong>iu</strong></span> <span class='ocrx_word' id='word_1_205' title='bbox 441 2917 526 2982; x_wconf 88' lang='lat' dir='ltr'><strong>alios</strong></span> <span class='ocrx_word' id='word_1_206' title='bbox 540 2916 669 3000; x_wconf 75' lang='lat' dir='ltr'><strong>poetas,</strong></span> <span class='ocrx_word' id='word_1_207' title='bbox 693 2918 817 3000; x_wconf 88' lang='lat' dir='ltr'><strong>quibus</strong></span> <span class='ocrx_word' id='word_1_208' title='bbox 837 2917 947 3000; x_wconf 89' lang='lat' dir='ltr'><strong>copiis</strong></span> <span class='ocrx_word' id='word_1_209' title='bbox 969 2915 1174 2982; x_wconf 88' lang='lat' dir='ltr'><strong>hauddubie</strong></span> 
     </span>
     <span class='ocr_line' id='line_1_26' title="bbox 79 3017 817 3102; baseline 0.003 -24"><span class='ocrx_word' id='word_1_210' title='bbox 79 3035 147 3081; x_wconf 74' lang='lat' dir='ltr'><strong>mea</strong></span> <span class='ocrx_word' id='word_1_211' title='bbox 160 3033 264 3102; x_wconf 88' lang='lat' dir='ltr'><strong>penus</strong></span> <span class='ocrx_word' id='word_1_212' title='bbox 280 3017 458 3084; x_wconf 87' lang='lat' dir='ltr'><strong>admodum</strong></span> <span class='ocrx_word' id='word_1_213' title='bbox 472 3017 670 3100; x_wconf 87' lang='lat' dir='ltr'><strong>locupletari</strong></span> <span class='ocrx_word' id='word_1_214' title='bbox 684 3018 817 3100; x_wconf 89' lang='lat' dir='ltr'><strong>poterit.</strong></span> 
     </span>
    </p>

    <p class='ocr_par' dir='ltr' id='par_1_5' title="bbox 80 3117 1182 4324">
     <span class='ocr_line' id='line_1_27' title="bbox 119 3117 1177 3203; baseline 0.004 -21"><span class='ocrx_word' id='word_1_215' title='bbox 119 3117 195 3184; x_wconf 86' lang='lat' dir='ltr'><strong>Non</strong></span> <span class='ocrx_word' id='word_1_216' title='bbox 220 3121 335 3186; x_wconf 91' lang='lat' dir='ltr'><strong>dubito</strong></span> <span class='ocrx_word' id='word_1_217' title='bbox 358 3118 570 3198; x_wconf 69' lang='lat' dir='ltr'><strong>tamensem</strong></span> <span class='ocrx_word' id='word_1_218' title='bbox 596 3119 789 3202; x_wconf 84' lang='lat' dir='ltr'><strong>permultos,</strong></span> <span class='ocrx_word' id='word_1_219' title='bbox 817 3119 878 3203; x_wconf 90' lang='lat' dir='ltr'><strong>qni</strong></span> <span class='ocrx_word' id='word_1_220' title='bbox 905 3121 942 3184; x_wconf 90' lang='lat' dir='ltr'><strong>in</strong></span> <span class='ocrx_word' id='word_1_221' title='bbox 969 3139 1074 3203; x_wconf 88' lang='lat' dir='ltr'><strong>opera</strong></span> <span class='ocrx_word' id='word_1_222' title='bbox 1100 3139 1177 3186; x_wconf 81' lang='lat' dir='ltr'><strong>mea</strong></span> 
     </span>
     <span class='ocr_line' id='line_1_28' title="bbox 80 3219 1175 3305; baseline 0.006 -24"><span class='ocrx_word' id='word_1_223' title='bbox 80 3219 282 3301; x_wconf 56' lang='lat' dir='ltr'><strong>tanatem*</strong></span> <span class='ocrx_word' id='word_1_224' title='bbox 292 3223 453 3305; x_wconf 84' lang='lat' dir='ltr'><strong>insignem</strong></span> <span class='ocrx_word' id='word_1_225' title='bbox 467 3221 655 3304; x_wconf 84' lang='lat' dir='ltr'><strong>interpretis</strong></span> <span class='ocrx_word' id='word_1_226' title='bbox 671 3221 838 3299; x_wconf 61' lang='lat' dir='ltr'><strong>muntem,</strong></span> <span class='ocrx_word' id='word_1_227' title='bbox 855 3221 954 3287; x_wconf 79' lang='lat' dir='ltr'><strong>valde</strong></span> <span class='ocrx_word' id='word_1_228' title='bbox 968 3221 1175 3288; x_wconf 86' lang='lat' dir='ltr'><strong>desiderent:</strong></span> 
     </span>
     <span class='ocr_line' id='line_1_29' title="bbox 82 3321 1179 3406; baseline 0.004 -22"><span class='ocrx_word' id='word_1_229' title='bbox 82 3335 178 3402; x_wconf 87' lang='lat' dir='ltr'><strong>neque</strong></span> <span class='ocrx_word' id='word_1_230' title='bbox 202 3321 342 3388; x_wconf 90' lang='lat' dir='ltr'><strong>diffiteor</strong></span> <span class='ocrx_word' id='word_1_231' title='bbox 363 3324 449 3405; x_wconf 88' lang='lat' dir='ltr'><strong>ipse,</strong></span> <span class='ocrx_word' id='word_1_232' title='bbox 473 3339 527 3384; x_wconf 90' lang='lat' dir='ltr'><strong>me</strong></span> <span class='ocrx_word' id='word_1_233' title='bbox 550 3321 675 3404; x_wconf 85' lang='lat' dir='ltr'><strong>passim</strong></span> <span class='ocrx_word' id='word_1_234' title='bbox 700 3323 879 3400; x_wconf 88' lang='lat' dir='ltr'><strong>monuisse,</strong></span> <span class='ocrx_word' id='word_1_235' title='bbox 905 3343 982 3406; x_wconf 77' lang='lat' dir='ltr'><strong>quse</strong></span> <span class='ocrx_word' id='word_1_236' title='bbox 1006 3326 1120 3388; x_wconf 82' lang='lat' dir='ltr'><strong>tenuis</strong></span> <span class='ocrx_word' id='word_1_237' title='bbox 1144 3323 1179 3388; x_wconf 80' lang='lat' dir='ltr'><strong>et</strong></span> 
     </span>
     <span class='ocr_line' id='line_1_30' title="bbox 83 3421 1177 3508; baseline 0.005 -26"><span class='ocrx_word' id='word_1_238' title='bbox 83 3421 224 3503; x_wconf 75' lang='lat' dir='ltr'><strong>vulgaria</strong></span> <span class='ocrx_word' id='word_1_239' title='bbox 237 3424 343 3490; x_wconf 81' lang='lat' dir='ltr'><strong>videri</strong></span> <span class='ocrx_word' id='word_1_240' title='bbox 358 3424 489 3508; x_wconf 89' lang='lat' dir='ltr'><strong>possint</strong></span> <span class='ocrx_word' id='word_1_241' title='bbox 503 3423 584 3488; x_wconf 80' lang='lat' dir='ltr'><strong>viris</strong></span> <span class='ocrx_word' id='word_1_242' title='bbox 598 3422 718 3500; x_wconf 88' lang='lat' dir='ltr'><strong>doctis,</strong></span> <span class='ocrx_word' id='word_1_243' title='bbox 744 3423 861 3487; x_wconf 85' lang='lat' dir='ltr'><strong>barum</strong></span> <span class='ocrx_word' id='word_1_244' title='bbox 872 3443 981 3488; x_wconf 84' lang='lat' dir='ltr'><strong>rerum</strong></span> <span class='ocrx_word' id='word_1_245' title='bbox 995 3425 1177 3508; x_wconf 80' lang='lat' dir='ltr'><strong>intelligen-</strong></span> 
     </span>
     <span class='ocr_line' id='line_1_31' title="bbox 85 3521 1177 3612; baseline 0.005 -28"><span class='ocrx_word' id='word_1_246' title='bbox 85 3521 176 3588; x_wconf 87' lang='lat' dir='ltr'><strong>tibus.</strong></span> <span class='ocrx_word' id='word_1_247' title='bbox 191 3587 197 3594; x_wconf 91' lang='lat'>.</span> <span class='ocrx_word' id='word_1_248' title='bbox 220 3526 288 3592; x_wconf 93' lang='lat' dir='ltr'><strong>Sed</strong></span> <span class='ocrx_word' id='word_1_249' title='bbox 302 3527 443 3612; x_wconf 88' lang='lat' dir='ltr'><strong>primum</strong></span> <span class='ocrx_word' id='word_1_250' title='bbox 455 3525 537 3590; x_wconf 90' lang='lat' dir='ltr'><strong>mihi</strong></span> <span class='ocrx_word' id='word_1_251' title='bbox 551 3524 598 3590; x_wconf 87' lang='lat' dir='ltr'><strong>ita</strong></span> <span class='ocrx_word' id='word_1_252' title='bbox 612 3526 827 3590; x_wconf 70' lang='lat' dir='ltr'><strong>constitutam]</strong></span> <span class='ocrx_word' id='word_1_253' title='bbox 841 3532 924 3602; x_wconf 81' lang='lat' dir='ltr'><strong>erat,</strong></span> <span class='ocrx_word' id='word_1_254' title='bbox 940 3532 1089 3612; x_wconf 88' lang='lat' dir='ltr'><strong>utquam</strong></span> <span class='ocrx_word' id='word_1_255' title='bbox 1103 3525 1177 3610; x_wconf 89' lang='lat' dir='ltr'><strong>pln-</strong></span> 
     </span>
     <span class='ocr_line' id='line_1_32' title="bbox 84 3621 1178 3711; baseline 0.004 -25"><span class='ocrx_word' id='word_1_256' title='bbox 84 3621 167 3686; x_wconf 87' lang='lat' dir='ltr'><strong>n&#39;mis</strong></span> <span class='ocrx_word' id='word_1_257' title='bbox 186 3627 390 3709; x_wconf 87' lang='lat' dir='ltr'><strong>prodessem,</strong></span> <span class='ocrx_word' id='word_1_258' title='bbox 410 3633 448 3692; x_wconf 92' lang='lat' dir='ltr'><strong>nt</strong></span> <span class='ocrx_word' id='word_1_259' title='bbox 469 3626 622 3692; x_wconf 86' lang='lat' dir='ltr'><strong>omuibus</strong></span> <span class='ocrx_word' id='word_1_260' title='bbox 646 3625 882 3706; x_wconf 80' lang='lat' dir='ltr'><strong>satisfacerem,</strong></span> <span class='ocrx_word' id='word_1_261' title='bbox 907 3632 942 3691; x_wconf 87' lang='lat' dir='ltr'><strong>et</strong></span> <span class='ocrx_word' id='word_1_262' title='bbox 963 3635 1001 3692; x_wconf 89' lang='lat' dir='ltr'><strong>nt</strong></span> <span class='ocrx_word' id='word_1_263' title='bbox 1022 3626 1178 3711; x_wconf 82' lang='lat' dir='ltr'><strong>quaedam</strong></span> 
     </span>
     <span class='ocr_line' id='line_1_33' title="bbox 87 3727 1179 3814; baseline 0.006 -31"><span class='ocrx_word' id='word_1_264' title='bbox 87 3737 146 3785; x_wconf 88' lang='lat' dir='ltr'><strong>non</strong></span> <span class='ocrx_word' id='word_1_265' title='bbox 160 3727 240 3794; x_wconf 85' lang='lat' dir='ltr'><strong>adeo</strong></span> <span class='ocrx_word' id='word_1_266' title='bbox 254 3731 443 3794; x_wconf 83' lang='lat' dir='ltr'><strong>necessaria</strong></span> <span class='ocrx_word' id='word_1_267' title='bbox 456 3732 597 3814; x_wconf 87' lang='lat' dir='ltr'><strong>irrepere</strong></span> <span class='ocrx_word' id='word_1_268' title='bbox 611 3729 754 3805; x_wconf 83' lang='lat' dir='ltr'><strong>mallem,</strong></span> <span class='ocrx_word' id='word_1_269' title='bbox 769 3749 871 3812; x_wconf 91' lang='lat' dir='ltr'><strong>quam</strong></span> <span class='ocrx_word' id='word_1_270' title='bbox 884 3729 991 3794; x_wconf 88' lang='lat' dir='ltr'><strong>omitti</strong></span> <span class='ocrx_word' id='word_1_271' title='bbox 1005 3747 1046 3792; x_wconf 87' lang='lat' dir='ltr'><strong>ac</strong></span> <span class='ocrx_word' id='word_1_272' title='bbox 1059 3727 1179 3809; x_wconf 76' lang='lat' dir='ltr'><strong>negligi</strong></span> 
     </span>
     <span class='ocr_line' id='line_1_34' title="bbox 88 3830 1178 3912; baseline 0.006 -24"><span class='ocrx_word' id='word_1_273' title='bbox 88 3831 277 3908; x_wconf 82' lang='lat' dir='ltr'><strong>necessaria,</strong></span> <span class='ocrx_word' id='word_1_274' title='bbox 303 3838 338 3894; x_wconf 91' lang='lat' dir='ltr'><strong>et</strong></span> <span class='ocrx_word' id='word_1_275' title='bbox 359 3831 439 3896; x_wconf 88' lang='lat' dir='ltr'><strong>hnic</strong></span> <span class='ocrx_word' id='word_1_276' title='bbox 465 3831 520 3896; x_wconf 87' lang='lat' dir='ltr'><strong>vel</strong></span> <span class='ocrx_word' id='word_1_277' title='bbox 543 3830 592 3894; x_wconf 91' lang='lat' dir='ltr'><strong>illi</strong></span> <span class='ocrx_word' id='word_1_278' title='bbox 614 3830 685 3894; x_wconf 85' lang='lat' dir='ltr'><strong>sive</strong></span> <span class='ocrx_word' id='word_1_279' title='bbox 707 3831 936 3896; x_wconf 85' lang='lat' dir='ltr'><strong>obscurasive</strong></span> <span class='ocrx_word' id='word_1_280' title='bbox 950 3831 1073 3912; x_wconf 78' lang='lat' dir='ltr'><strong>ignota,</strong></span> <span class='ocrx_word' id='word_1_281' title='bbox 1101 3847 1178 3910; x_wconf 80' lang='lat' dir='ltr'><strong>quse</strong></span> 
     </span>
     <span class='ocr_line' id='line_1_35' title="bbox 88 3929 1180 4017; baseline 0.004 -25"><span class='ocrx_word' id='word_1_282' title='bbox 88 3929 202 3994; x_wconf 80' lang='lat' dir='ltr'><strong>moneri</strong></span> <span class='ocrx_word' id='word_1_283' title='bbox 228 3939 261 3998; x_wconf 89' lang='lat' dir='ltr'><strong>et</strong></span> <span class='ocrx_word' id='word_1_284' title='bbox 283 3935 440 3998; x_wconf 84' lang='lat' dir='ltr'><strong>illustrari</strong></span> <span class='ocrx_word' id='word_1_285' title='bbox 465 3953 531 3997; x_wconf 92' lang='lat' dir='ltr'><strong>non</strong></span> <span class='ocrx_word' id='word_1_286' title='bbox 553 3933 700 3998; x_wconf 91' lang='lat' dir='ltr'><strong>omnium</strong></span> <span class='ocrx_word' id='word_1_287' title='bbox 724 3933 867 4017; x_wconf 87' lang='lat' dir='ltr'><strong>quidem,</strong></span> <span class='ocrx_word' id='word_1_288' title='bbox 890 3931 950 3996; x_wconf 89' lang='lat' dir='ltr'><strong>sed</strong></span> <span class='ocrx_word' id='word_1_289' title='bbox 963 3931 1180 4015; x_wconf 86' lang='lat' dir='ltr'><strong>quorumdam</strong></span> 
     </span>
     <span class='ocr_line' id='line_1_36' title="bbox 90 4027 1182 4116; baseline 0.005 -23"><span class='ocrx_word' id='word_1_290' title='bbox 90 4027 371 4098; x_wconf 68' lang='lat' dir='ltr'><strong>analectorum</strong></span> <span class='ocrx_word' id='word_1_291' title='bbox 396 4037 576 4099; x_wconf 87' lang='lat' dir='ltr'><strong>interesset.</strong></span> <span class='ocrx_word' id='word_1_292' title='bbox 622 4035 753 4098; x_wconf 87' lang='lat' dir='ltr'><strong>Deinde</strong></span> <span class='ocrx_word' id='word_1_293' title='bbox 765 4034 829 4098; x_wconf 88' lang='lat' dir='ltr'><strong>hac</strong></span> <span class='ocrx_word' id='word_1_294' title='bbox 846 4039 942 4098; x_wconf 82' lang='lat' dir='ltr'><strong>aetate</strong></span> <span class='ocrx_word' id='word_1_295' title='bbox 960 4037 1086 4111; x_wconf 86' lang='lat' dir='ltr'><strong>nostra,</strong></span> <span class='ocrx_word' id='word_1_296' title='bbox 1111 4051 1182 4116; x_wconf 83' lang='lat' dir='ltr'><strong>qna</strong></span> 
     </span>
     <span class='ocr_line' id='line_1_37' title="bbox 91 4119 1181 4217; baseline 0.006 -25"><span class='ocrx_word' id='word_1_297' title='bbox 91 4119 122 4184; x_wconf 76' lang='lat' dir='ltr'><strong>in</strong></span> <span class='ocrx_word' id='word_1_298' title='bbox 132 4131 230 4207; x_wconf 82' lang='lat' dir='ltr'><strong>tanta,</strong></span> <span class='ocrx_word' id='word_1_299' title='bbox 247 4151 322 4215; x_wconf 82' lang='lat' dir='ltr'><strong>qnae</strong></span> <span class='ocrx_word' id='word_1_300' title='bbox 341 4135 497 4217; x_wconf 83' lang='lat' dir='ltr'><strong>jectatm,</strong></span> <span class='ocrx_word' id='word_1_301' title='bbox 518 4135 684 4198; x_wconf 85' lang='lat' dir='ltr'><strong>literarum</strong></span> <span class='ocrx_word' id='word_1_302' title='bbox 696 4134 773 4198; x_wconf 90' lang='lat' dir='ltr'><strong>luce</strong></span> <span class='ocrx_word' id='word_1_303' title='bbox 786 4151 917 4198; x_wconf 80' lang='lat' dir='ltr'><strong>summa</strong></span> <span class='ocrx_word' id='word_1_304' title='bbox 930 4153 1036 4199; x_wconf 89' lang='lat' dir='ltr'><strong>rernm</strong></span> <span class='ocrx_word' id='word_1_305' title='bbox 1049 4134 1181 4199; x_wconf 86' lang='lat' dir='ltr'><strong>utilium</strong></span> 
     </span>
     <span class='ocr_line' id='line_1_38' title="bbox 92 4219 1182 4324; baseline 0 -22"><span class='ocrx_word' id='word_1_306' title='bbox 92 4219 310 4304; x_wconf 68' lang='lat' dir='ltr'><strong>inominata</strong></span> <span class='ocrx_word' id='word_1_307' title='bbox 324 4234 395 4304; x_wconf 88' lang='lat' dir='ltr'><strong>dies</strong></span> <span class='ocrx_word' id='word_1_308' title='bbox 418 4236 549 4322; x_wconf 78' lang='lat' dir='ltr'><strong>longius</strong></span> <span class='ocrx_word' id='word_1_309' title='bbox 571 4238 673 4324; x_wconf 88' lang='lat' dir='ltr'><strong>serpit</strong></span> <span class='ocrx_word' id='word_1_310' title='bbox 696 4241 732 4304; x_wconf 87' lang='lat' dir='ltr'><strong>et</strong></span> <span class='ocrx_word' id='word_1_311' title='bbox 753 4233 956 4316; x_wconf 71' lang='lat' dir='ltr'><strong>ditinndstur,</strong></span> <span class='ocrx_word' id='word_1_312' title='bbox 981 4234 1182 4308; x_wconf 79' lang='lat' dir='ltr'><strong>infinitarum</strong></span> 
     </span>
    </p>
   </div>
   <div class='ocr_carea' id='block_1_5' title="bbox 0 0 1461 4792">
    <p class='ocr_par' dir='ltr' id='par_1_6' title="bbox 0 0 1461 4792">
     <span class='ocr_line' id='line_1_39' title="bbox 0 0 1461 4792; baseline 0 0"><span class='ocrx_word' id='word_1_313' title='bbox 0 0 1461 4792; x_wconf 95' lang='lat' dir='ltr'><strong> </strong></span> 
     </span>
    </p>
   </div>
  </div>
 </body>
</html>
