2817 4792
567 413 774 467 resrrrro.
1197 403 1222 468 5

109 557 203 648 Aug.
219 561 354 630 Vindel.
369 561 465 628 1599.
492 563 710 631 Basilisco.
737 563 844 648 Lugd.
864 566 961 629 1556.
999 561 1107 629 Paria
1122 567 1220 632 1561.

109 667 213 732 1613.
241 665 374 732 Hanov.
399 667 496 731 1603.
522 669 565 732 al.
592 668 884 732 Won'rnnsronr
903 667 965 751 (V.
991 669 1034 731 l).
1056 667 1105 732 M.
1129 666 1221 751 apud

110 767 353 832 Seedorsenses
367 787 470 851 prope
486 767 627 833 Lennen.
642 771 675 832 in
690 767 887 852 Prignitzia)
901 771 977 832 edit.
994 770 1100 850 Lugd.
1121 769 1219 836 1511.

111 869 317 946 Hsnsnnn,
340 867 515 934 Archiater
530 870 614 953 Reg.
631 871 710 934 edit.
727 869 832 934 nond.
849 873 944 934 1716.
972 870 1169 934 dlrnnnnr
1184 876 1219 936 et

110 969 293 1034 Sernono
315 993 401 1037 varr.
421 972 511 1037 lectt.
532 975 630 1036 trium
650 972 748 1037 codd.
774 972 982 1052 Norimbcrg.
1008 978 1040 1034 et
1053 973 1106 1036 ed.
1122 972 1218 1055 Irips.

110 1071 211 1136 1502.
237 1071 455 1137 Lucentum
478 1073 541 1157 (V.
558 1075 602 1139 D.
620 1075 668 1137 M.
687 1075 777 1158 apud
793 1075 1005 1138 Hollcrcnscs
1019 1093 1123 1156 prope
1141 1073 1217 1138 Sta·

110 1173 204 1252 dam)
220 1175 273 1239 ed.
289 1173 394 1257 Lugd.
409 1175 506 1241 1505.
533 1177 672 1240 Hense
687 1179 866 1240 observatt.
885 1175 1046 1258 quasdam
1066 1176 1216 1254 criticas,

109 1275 302 1339 Horresco
325 1279 533 1362 conjecturas
560 1279 644 1342 Mss.
667 1276 842 1342 Schraderi
870 1283 904 1341 ct
925 1276 1089 1354 Withotii,
1117 1277 1216 1340 Bon-

110 1393 226 1455 nncr,
250 1375 365 1452 Lmen,
393 1383 426 1442 et
442 1381 511 1457 alii,
526 1382 661 1445 nuntios
683 1381 854 1444 literatius.
898 1375 937 1439 Si
949 1377 1033 1462 spiro
1047 1389 1078 1440 et
1094 1375 1216 1460 placeo,

113 1473 257 1541 Vestrum
272 1489 326 1557 ert,
350 1478 512 1544 Fautores
533 1481 697 1563 generosi!
720 1479 866 1560 Insignis
890 1479 1078 1559 benignitas
1094 1477 1217 1543 Vestra

109 1583 241 1664 rarique
256 1583 401 1666 exempli
425 1583 611 1648 humanitas
642 1600 735 1666 saepe
753 1583 900 1660 animum
915 1582 995 1644 mihi
1015 1579 1088 1663 jam
1100 1581 1215 1646 laban-

106 1685 177 1745 tem
191 1681 407 1761 confirmavit,
430 1685 525 1766 eique
546 1685 755 1768 praecipuum
776 1683 930 1747 editionis
948 1702 1032 1747 meae
1046 1701 1215 1748 ornamen-

108 1789 180 1846 tum
195 1783 310 1849 debeo.
357 1785 447 1850 Dum
469 1789 578 1869 itaque
600 1788 725 1864 rivam,
748 1786 935 1868 gratissima
956 1785 1030 1867 ejus
1053 1785 1215 1849 memoria

105 1903 278 1972 nunqnam
293 1909 337 1954 ex
351 1911 425 1955 meo
439 1890 547 1955 effluet
560 1891 681 1956 animo.

173 1989 318 2055 Remota
360 1994 408 2056 sic
439 2012 558 2074 magna
594 1995 712 2059 saltem
746 2000 842 2078 parte
876 2001 1096 2069 externorum,
1138 1990 1213 2074 qni·

105 2093 248 2158 buscum
289 2095 368 2158 mihi
403 2095 657 2160 conflictandum
686 2103 769 2172 erat,
810 2097 1127 2178 impedimentomm,
1162 2113 1213 2156 re·

106 2197 241 2260 stabant
280 2199 348 2262 alia
380 2199 476 2280 longe
510 2197 647 2281 majora,
685 2211 765 2281 quo
801 2198 879 2279 ipsa
909 2196 1024 2278 operis
1062 2197 1212 2278 suscepti

105 2297 285 2364 difficultas
322 2293 489 2364 afferebat.
546 2297 648 2376 Nam,
689 2297 780 2381 quod
814 2317 860 2360 ex
907 2293 983 2358 Ind.
1018 2293 1120 2359 Editt.
1150 2315 1211 2377 ap-

105 2399 249 2484 parebit,
288 2401 414 2465 nullum
456 2401 523 2464 sere
563 2401 776 2480 antiquorum
812 2394 986 2480 po'e'tarum
1021 2394 1087 2459 viri
1120 2394 1212 2460 docti

105 2503 212 2583 magis
245 2503 466 2584 neglexenmt,
512 2517 615 2584 quam
661 2497 867 2574 Juvenalem,
906 2497 965 2580 qui
1003 2496 1069 2560 lrac
1101 2501 1212 2564 tamen

108 2605 324 2668 contemtione
338 2611 371 2669 et
391 2602 518 2669 incuria
540 2602 674 2666 minime
696 2620 795 2684 paene
817 2600 965 2664 omnium
987 2599 1107 2684 dignus
1129 2606 1211 2680 erat,

103 2706 229 2770 utillum
244 2709 436 2792 interpretes
451 2707 588 2790 argutiis
603 2725 756 2789 vanaque
769 2703 919 2768 doctrina
932 2703 979 2766 ita
991 2703 1211 2768 obscurarunt

103 2811 137 2870 et
152 2807 255 2872 veluti
269 2809 455 2874 obruerunt.
501 2807 718 2871 Desideratur
732 2805 840 2869 adhuc
854 2803 968 2880 editio,
992 2805 1029 2866 in
1049 2823 1116 2885 qna
1137 2809 1210 2870 turn

104 2913 291 2986 contextus
307 2927 408 2993 quam
423 2914 458 2973 et
478 2909 731 2974 accuratissimo
752 2911 785 2968 et
807 2903 1053 2968 modestissimo
1072 2903 1210 2985 potissi·

103 3029 195 3074 mum
215 3011 343 3094 judicio
365 3011 438 3074 fieri
463 3011 581 3095 possit,
607 3009 650 3072 ad
674 3007 774 3072 fidem
795 3013 942 3072 veterum
968 3005 1210 3088 exemplarium

103 3113 334 3190 constituatur,
357 3117 427 3177 tum
443 3113 561 3176 Satiree
578 3114 663 3196 ipsse
687 3129 764 3176 cum
779 3129 879 3174 sensu
903 3108 1037 3192 poetico
1056 3112 1090 3171 et
1109 3109 1210 3191 plena

103 3213 296 3278 Latinarum
317 3217 484 3279 literarum
506 3217 771 3299 scriptorumque
792 3212 1000 3276 satiricorum
1019 3209 1208 3292 cognitione

101 3316 305 3380 illustrentur
335 3319 566 3382 commentario
600 3321 763 3401 perpetuo
800 3316 949 3397 satisque
980 3311 1113 3389 idoneo,
1148 3311 1208 3394 qni

104 3417 224 3482 doceat
238 3418 464 3484 adolescentes
478 3439 554 3485 curn
573 3419 695 3498 fructu,
716 3420 896 3501 voluptate,
916 3423 951 3480 et
964 3435 1065 3480 sensu
1077 3415 1209 3500 pulchri

103 3539 161 3584 eas
185 3519 304 3604 legere,
327 3527 360 3586 et
381 3541 448 3587 non
469 3523 569 3586 modo
597 3523 630 3586 in
651 3521 798 3604 singulis,
821 3523 988 3604 questam
1010 3515 1208 3599 argumentis

103 3639 205 3704 quam
218 3641 331 3688 eorum
346 3625 541 3690 tractatione
555 3624 604 3690 ita
618 3623 782 3700 differunt,
801 3626 840 3686 ut
852 3621 910 3686 alii
930 3619 1072 3684 subinde
1091 3635 1208 3682 sensns

103 3723 312 3807 concipiendi
339 3725 406 3790 sint
434 3725 613 3808 interpreti,
643 3723 701 3808 qui
731 3724 767 3786 in
794 3741 899 3787 ease
924 3722 1091 3786 insinume
1114 3717 1206 3796 velit,

102 3825 232 3906 quaeris
259 3825 450 3909 intelligere,
480 3825 662 3890 sedetiam
689 3824 868 3908 cujuslibet
894 3838 1057 3887 summam
1078 3815 1208 3884 unirer·

102 3941 239 4008 samque
254 3928 480 4010 praestantiam
498 3945 539 3991 ec
561 3927 701 3992 virtutes
723 3943 934 4009 cognoscere,
952 3941 1029 4004 quae
1050 3938 1116 3983 non
1137 3925 1207 3986 tam

101 4023 240 4116 singulis
267 4029 376 4108 rebus,
407 4041 589 4114 earumque
625 4028 847 4094 nuntiatione
876 4030 977 4107 atque
1008 4023 1206 4100 inventione,

103 4145 201 4210 qnam
216 4129 350 4195 illarum
368 4130 577 4207 mactatione,
592 4131 646 4196 rel
663 4131 807 4211 partium
822 4129 905 4191 inter
918 4143 956 4189 se
969 4124 1206 4200 convenientia,

108 4232 138 4292 et
160 4229 204 4294 ad
227 4233 335 4294 totum
360 4229 599 4315 consiliumque
621 4227 814 4313 primarium
835 4228 1079 4313 conspiratione
1100 4221 1207 4290 contir
