2817 4792
506 397 761 450 anatuuoanu.
1141 387 1185 452 61
1230 389 1236 398 “
1296 391 1302 400 ’

79 545 198 627 palati,
234 545 354 610 medie
395 543 572 610 comoediee
620 543 825 628 temporibus
861 546 1061 624 conticuere,
1091 556 1186 633 pest·

80 667 180 730 quam
205 649 344 730 publica
373 648 446 729 lege
467 665 532 710 non
562 647 692 724 choars,
717 645 777 710 sed
802 647 967 714 maledica
990 649 1065 732 ejus
1084 649 1186 716 liceu-

81 751 128 816 tia
165 749 305 816 sublata
342 755 424 826 erat,
452 755 484 814 et
516 751 660 831 ingentes
689 755 831 828 sumtus,
861 752 897 814 in
931 752 1021 818 illins
1042 772 1187 836 appara-

81 857 147 914 tum
169 851 422 934 impendendos,
438 853 524 916 ultra
544 851 758 935 suppeditare
788 858 1021 918 recusaverant
1042 855 1078 930 ii,
1099 873 1186 938 quos

81 951 134 1016 ille
148 955 281 1036 saepius
295 953 513 1038 acerbiusque
527 955 780 1037 perstrinxerat3
803 955 845 1019 de
860 975 928 1039 quo
941 975 975 1020 v.
991 955 1186 1022 Eichstaedt

83 1053 122 1118 de
135 1054 243 1119 drana
258 1053 371 1120 Graec.
395 1057 605 1120 cornico-sat·
629 1075 666 1139 p.
689 1051 764 1138 73.)
783 1055 928 1123 mutue
953 1054 1187 1122 dominabatur

83 1155 303 1238 intemperans
318 1155 378 1221 illa
391 1153 571 1220 cavillandi
586 1156 777 1237 civiumque
795 1153 1048 1220 deridendorum
1070 1156 1187 1222 libido.

83 1255 232 1320 Eandem
262 1276 341 1322 vero
364 1257 537 1340 spirabunt
562 1275 628 1320 uon
657 1256 758 1320 modo
786 1252 962 1320 dramatico
992 1257 1188 1322 Graecorum

83 1359 240 1436 carmina,
257 1359 317 1422 sod
338 1359 439 1426 etiam
452 1358 549 1442 epicu,
571 1356 621 1442 (v.
638 1377 669 1422 c.
694 1357 790 1437 illud,
816 1357 906 1441 quod
920 1359 1115 1442 inscriptum
1136 1364 1188 1424 est

84 1457 247 1544 Μαργίτης,
271 1467 306 1526 et
328 1479 505 1546 perperam
523 1459 673 1525 Homero
686 1460 852 1535 tribuitur,
867 1457 910 1522 de
924 1477 992 1542 quo
1005 1479 1038 1524 v.
1052 1457 1189 1526 Fabric.

83 1563 171 1628 Bibl.
187 1563 303 1630 Graec.
318 1562 400 1630 Vol.
415 1581 441 1629 1.
456 1583 491 1646 p.
505 1563 582 1628 383.
604 1564 657 1626 ed.
674 1559 828 1645 Harlas.)
847 1559 946 1644 lyrico
968 1562 1021 1626 vel
1042 1560 1188 1644 iumbicu,

83 1665 135 1750 (ut
147 1664 357 1744 Archilochi,
373 1686 482 1752 quem,
497 1671 535 1730 nt
548 1663 660 1729 verbis
687 1663 809 1728 Horat.
832 1661 898 1745 Ep.
921 1661 966 1726 ad
988 1662 1060 1728 Pis.
1082 1685 1117 1730 u.
1132 1667 1188 1732 ta.

15 1785 19 1791 ·
84 1773 166 1846 utar,
179 1767 312 1852 proprio
325 1767 428 1830 rubier
442 1767 579 1830 urmuuit
600 1762 743 1856 iuurbof⁰
764 1771 797 1828 et
823 1765 1062 1847 Hipponactis,
1077 1765 1191 1834 iuven·

85 1869 162 1932 toris
178 1885 298 1934 versus
323 1869 459 1934 iambici
483 1868 660 1944 suaseritis,
683 1867 740 1950 qui
765 1865 984 1948 amaritudine
1008 1870 1190 1936 carminum

85 1973 246 2055 quosdam
261 1972 306 2037 ad
320 1974 475 2057 laqueum
492 1972 693 2056 compulisse
708 1970 916 2048 credebatur,
931 1975 1016 2036 teste
1031 1969 1189 2038 Primae

86 2071 230 2157 aquea
259 2073 362 2138 etiam
390 2071 432 2136 de
459 2072 662 2138 Archilocho
691 2077 811 2155 praeter
835 2071 920 2135 alios
942 2071 1042 2136 tradit
1066 2072 1189 2141 Horat.

86 2171 191 2256 Epod.
205 2175 241 2241 6.
264 2175 322 2240 13.
349 2181 382 2240 et
406 2173 512 2258 Epist.
530 2193 554 2240 1.
569 2176 623 2240 lii.
639 2170 713 2256 25.)
733 2178 766 2237 et
778 2170 945 2250 diductior,
960 2177 998 2239 ut
1010 2173 1191 2242 Simonidis

85 2275 202 2357 poema
215 2277 258 2342 de
273 2277 446 2342 mulierum
460 2277 619 2354 moribus,
632 2281 665 2338 et
681 2271 769 2349 Silii,
795 2271 899 2338 Σίλλοι
923 2292 953 2336 s.
980 2275 1093 2350 timu,
1117 2296 1190 2340 car·

86 2377 174 2440 mina
197 2377 374 2456 maledica,
398 2397 464 2442 non
490 2397 512 2442 a
534 2376 709 2441 dicacibus
735 2371 874 2450 Σιλήνοις,
902 2372 999 2438 seda
1012 2373 1122 2438 rlaauu
1136 2379 1191 2442 uel

582 2529 690 2607 uuus

88 2669 204 2734 omnique
217 2671 347 2721 dedecore
359 2679 433 2722 eraut
444 2671 567 2722 inianter:
585 2685 617 2720 eo
658 2682 710 2734 qno
729 2669 813 2718 minut
831 2669 959 2720 actionem
970 2670 1067 2721 sabula
1078 2687 1110 2721 ex
1122 2673 1191 2736 agris

89 2737 193 2809 arupliur
203 2747 362 2812 suppetebat
378 2745 463 2812 politis
480 2748 513 2797 ad
527 2748 617 2812 jocati·
659 2747 684 2794 in
696 2745 786 2794 urbem
797 2745 964 2808 deducerent,
983 2761 1138 2812 scenamque
1157 2751 1191 2798 ad

89 2819 146 2869 dum
157 2822 417 2887 maledie-eadamque
427 2823 562 2884 materies;
576 2835 618 2872 eo·
658 2821 792 2872 comedite
800 2820 992 2872 similitudinem
1000 2833 1190 2886 compararent.

90 2911 138 2960 que
159 2898 307 2950 ducendum
332 2907 388 2948 erat
416 2898 618 2962 ignominiosius,
657 2903 714 2949 -4.
747 2900 813 2948 Cum
826 2899 925 2961 tragica
939 2898 1057 2961 Satyrice
1074 2899 1192 2962 plautum

89 2971 234 3036 Satyronrm
254 2973 346 3024 babitu
362 2975 479 3026 indutum
491 2975 618 3040 exagitari
658 2980 729 3024 esset
739 2980 880 3024 consecuta
890 2974 1129 3040 celebritatemque,
1139 2990 1192 3028 uon

91 3048 115 3097 in
124 3050 292 3102 mestre-t.
325 3051 402 3100 Aliud
414 3052 550 3102 discrimen
562 3067 617 3102 eer-
658 3049 806 3099 sustinebat
817 3050 843 3098 in
854 3064 958 3100 scenam
969 3051 1086 3115 prodire,
1098 3051 1146 3100 nisi
1158 3052 1191 3101 ad

90 3127 194 3176 uehitur
211 3130 237 3178 iu
254 3129 313 3178 loeo
341 3129 451 3179 aetionis
471 3129 617 3193 deligendo,
659 3125 790 3188 publicam
802 3127 1015 3177 communitatem
1025 3141 1086 3178 eum
1098 3137 1192 3192 trage-

91 3217 215 3269 remque
227 3205 353 3256 dramatis
363 3205 522 3256 instruenda.
551 3208 618 3256 Nam
659 3201 710 3250 diis
719 3202 881 3252 consociata.
913 3203 1019 3253 Comim
1035 3205 1117 3256 uolam
1134 3219 1192 3255 reae

92 3293 147 3329 rum
167 3283 259 3346 tragici
277 3281 371 3346 po'e'ta,
391 3283 502 3346 priscum
520 3297 618 3332 murem
659 3279 752 3326 etsiue
774 3286 907 3341 praeunte
918 3279 1014 3330 comite
1033 3279 1127 3331 offerre
1147 3295 1194 3344 po·

91 3357 180 3418 secuti,
199 3358 295 3407 Sileni·
316 3373 347 3407 ac
366 3357 466 3422 Satyris
484 3357 618 3422 primarias
658 3356 720 3418 pulo
737 3354 798 3402 nihil
814 3355 1049 3406 verecundabatur.
1081 3357 1193 3407 Tametsi

91 3432 209 3494 quasdam
226 3441 314 3498 partes
325 3435 494 3484 detulissent:
513 3448 631 3484 consen-1
658 3431 844 3480 enimcnmieia
856 3430 941 3494 padda
955 3447 1071 3498 aqueae
1088 3433 1193 3497 tragicis

92 3515 199 3572 taaeam,
216 3513 256 3561 uti
276 3517 342 3573 erat,
360 3512 397 3560 ita
411 3511 546 3575 putabant,
564 3525 619 3560 see·
659 3508 724 3554 attia
749 3505 866 3570 quadam
891 3515 967 3557 eraut
987 3509 1194 3582 certaminum

91 3598 146 3634 uam
154 3588 207 3636 ruri
215 3588 438 3652 aperire,eatuqne
446 3601 536 3637 ornare
545 3588 619 3636 arbo·
659 3590 755 3641 tamen,
767 3583 801 3632 ob
821 3581 951 3634 diversum
963 3587 1099 3648 poetarum
1110 3587 1193 3636 eomi-

94 3665 169 3729 rihus,
184 3667 325 3730 speluncis,
343 3667 481 3728 montibus,
503 3665 620 3730 reliqui..
660 3659 730 3720 linui,
751 3674 802 3709 nou
825 3661 917 3709 eodem
938 3660 1045 3710 suerunt
1064 3661 1193 3709 instructu

93 3741 619 3806 queagrestibnerebou‚iutopiariioperis
659 3736 803 3788 fabularum
815 3740 1102 3802 eomitatuqneoruata.

94 3818 201 3878 absumat
227 3816 389 3881 deformatis,
414 3818 534 3882 qnoniam
554 3819 619 3867 Bac·
692 3821 725 3866 ltt
741 3817 783 3865 Ex
798 3814 1131 3878 bisverbismalequidaru
1141 3815 1193 3864 cni·

94 3891 152 3940 chus
162 3893 268 3958 ejusque
289 3893 353 3943 socii
373 3892 514 3957 sylvestres
533 3893 619 3942 colere
659 3891 753 3956 ligent,
775 3891 957 3942 Archilochum
976 3888 1055 3939 furiare
1077 3891 1194 3940 invento-

94 3968 205 4030 regioues
218 3986 248 4019 ac
260 3969 428 4034 frequentare
436 3969 619 4018 credebantur.
661 3982 716 4017 reta
727 3967 810 4016 lambi
823 3982 842 4015 s
859 3963 961 4014 iambici
975 3980 1070 4029 versus,
1081 3967 1125 4032 qui
1136 3965 1193 4029 jam

95 4041 176 4106 Major
186 4053 243 4095 erat
251 4046 300 4095 hac
311 4045 338 4094 in
350 4059 378 4093 re
387 4045 494 4095 libertas
505 4046 619 4096 Cornicis
660 4044 814 4094 multeaate
825 4042 858 4092 ad
870 4041 983 4091 dicteria
992 4041 1132 4104 adhibitus,
1150 4043 1195 4092 ta-

95 4119 222 4180 peratitta.
256 4122 292 4172 Hi
311 4122 379 4170 euim
400 4133 440 4183 ut,
457 4123 558 4185 Satyris
576 4137 620 4171 ea·
662 4118 922 4186 quepropriuat‘uit3
938 4117 1132 4184 undeiauedifeu
1140 4131 1193 4172 ura·

96 4193 180 4257 pulsis,
191 4203 279 4246 vetere
288 4203 316 4246 et
328 4197 425 4246 tradito
445 4199 517 4261 quusi
528 4203 621 4248 ornatu
661 4197 756 4264 uideri,
766 4197 888 4259 ettapflor
902 4211 997 4248 caraea
1005 4199 1151 4250 mutim.

96 4267 251 4324 denudarunt
261 4273 408 4338 Satyriceu,
418 4273 481 4322 nihil
489 4273 620 4336 obstabat,
