2817 4792
497 404 754 466 noussouo'u.
1127 397 1174 466 dd

71 565 120 628 sic
133 561 237 641 dicti;
260 561 429 628 obsooeuis
444 557 491 626 iili
513 561 777 645 prooeeibnsque
786 559 876 646 jocis
889 559 991 645 pieni,
1012 579 1076 626 nee
1097 561 1176 628 uilis

75 665 126 730 rei
143 663 276 730 bonesti
299 669 333 728 et
355 662 481 740 decori,
506 664 560 728 vei
582 665 677 728 metri
702 663 831 746 iegibus
853 665 993 741 astricti,
1023 665 1176 748 quamvis

74 765 215 852 rhytbud
244 785 312 832 uon
339 766 440 848 piane
467 771 633 850 expertes,
672 783 771 848 quos,
794 770 833 830 ut
858 765 963 830 verbo
985 761 1082 830 Ennii
1102 785 1179 830 mee

74 869 205 946 focium,

356 1073 435 1138 oiim
452 1073 561 1138 Fauni
577 1077 740 1156 vatesque
754 1072 929 1150 canebant,

143 1174 234 1240 Gurn
248 1193 354 1259 neque
370 1173 545 1239 Musarum
559 1173 717 1259 scopulos
731 1174 907 1257 quisquan
921 1179 1105 1257 superorat,

145 1277 222 1342 Nec
238 1275 321 1342 dicti
335 1276 506 1342 amoenas
522 1283 603 1342 eret.

79 1458 206 1525 Horum
234 1479 390 1526 versuum
411 1480 493 1534 usus
521 1459 678 1544 frequens
705 1465 741 1526 et
765 1460 937 1526 diuturnus
961 1459 1025 1526 soit
1046 1457 1180 1537 Boium

78 1567 144 1628 un
157 1564 192 1628 in
205 1563 315 1640 sestis,
328 1571 399 1630 tuni
412 1565 446 1628 iu
461 1563 538 1628 eliis
553 1563 757 1640 solennibus,
771 1566 943 1649 precipue
953 1565 1140 1650 nuptiarum
1148 1568 1183 1627 et

80 1664 324 1750 triumphorum,
1293 1671 1297 1680 ‘

147 1830 335 1912 Libertasy
350 1852 369 1895 e
384 1840 584 1900 recurrentes
600 1839 741 1917 accepte
754 1854 814 1918 per
828 1853 933 1900 emron

95 2029 98 2038 Ι
147 1931 245 2000 Lusit
261 1933 457 2012 amabiliter,
481 1933 585 2000 donee
607 1935 679 2018 jum
693 1945 968 2020 soevusepertam

148 2037 188 2100 In
202 2037 330 2101 rabiem
344 2037 430 2102 verti
445 2038 549 2122 coepit
557 2037 670 2122 jocus,
685 2044 719 2101 et
739 2058 799 2122 per
812 2039 969 2104 honestus

148 2135 201 2202 lre
216 2137 337 2203 domos
351 2139 485 2221 impune
499 2139 625 2206 minen.
671 2139 818 2204 Doiuere
832 2147 968 2204 cruento

149 2237 262 2306 Dente
275 2239 440 2322 lacessiti3
463 2241 525 2306 fuit
545 2243 679 2308 intactis
694 2263 829 2327 quoque
845 2263 928 2308 cura

148 2341 347 2408 Conditione
362 2363 461 2428 super
477 2347 662 2412 communi:
687 2347 768 2431 quin
782 2348 883 2411 etiem
896 2347 954 2410 lex

146 2441 324 2527 Poenaque
337 2443 417 2522 lete,
432 2446 520 2510 melo
542 2465 619 2529 quae
636 2447 740 2510 nollet
754 2446 899 2516 carmine
914 2465 1105 2532 quenquam

150 2543 326 2611 Describi:
348 2551 472 2610 vertere
488 2547 634 2625 modum,
650 2547 824 2612 formidine
837 2547 937 2612 fustis

148 2646 203 2711 Ad
224 2647 311 2712 bene
326 2645 498 2712 dicendum
513 2647 810 2733 delectandumque
832 2650 971 2718 redacti.

88 2811 169 2880 Hee
183 2817 307 2881 estiex
321 2817 379 2880 illu
394 2833 451 2880 xrr
467 2818 683 2897 Tabularum,
707 2825 741 2884 et
762 2817 896 2902 quidem
918 2817 1007 2882 Tab.
1034 2833 1102 2882 vrr.
1148 2813 1185 2879 sa*
1242 2871 1247 2879 .

87 2913 137 2998 qui
145 2915 254 3000 pipulo
270 2917 430 3001 (publice,
445 2919 499 2984 vel
515 2918 686 3004 convicio)
701 2917 864 2985 occeutosit
885 2917 946 3004 (al.
964 2913 1188 3001 actitavisset)

88 3035 239 3083 commove
254 3015 395 3098 aaudiat,
407 3017 491 3105 quod
506 3016 978 3108 iasamamsaeitflaga'o'amee
991 3015 1190 3118 abcessum

81 3114 211 3190 svumss

128 3219 319 3289 Eorundem
342 3243 495 3288 versuum
513 3243 596 3288 usus
622 3223 773 3288 Saturam
798 3245 827 3289 s.
852 3221 995 3288 Satiram
1018 3221 1189 3288 Romano-

89 3340 165 3402 rum,
177 3331 212 3390 et
226 3327 372 3410 primum
386 3323 519 3408 quidem
533 3322 753 3402 dramaticum,
768 3323 887 3390 deinde
900 3344 981 3390 vero
1000 3322 1190 3388 didacticum

91 3443 216 3510 quoqne
229 3427 429 3511 procrearit.
474 3425 561 3490 Illud
586 3427 685 3492 docet
705 3426 844 3510 insignis
859 3429 902 3490 de
916 3427 1043 3509 origine
1056 3427 1103 3491 rei
1117 3443 1190 3489 see·

90 3527 170 3592 nieae
183 3529 281 3594 locus
295 3529 383 3593 Livii
399 3545 466 3594 vrr.
481 3531 514 3594 2.
530 3550 630 3614 quem
643 3548 811 3614 apponere
825 3529 924 3594 liceat
938 3535 971 3594 et
990 3529 1109 3613 paucis
1134 3547 1192 3590 ao-

92 3630 311 3696 notationibus
332 3631 509 3696 iiiustrare.
555 3631 619 3694 ‘Et
631 3632 694 3696 hoc
709 3639 743 3696 et
755 3632 940 3716 insequenti
961 3651 1060 3707 enno,
1083 3631 1122 3712 [e
1145 3625 1191 3692 U.

93 3747 122 3792 c·
135 3731 225 3814 m]
244 3731 288 3798 C.
301 3733 452 3816 Sulpicio
466 3732 583 3798 Petico
606 3739 640 3798 et
665 3733 706 3798 G.
733 3734 863 3799 Licinio
889 3734 1025 3797 Stolone
1046 3729 1192 3795 consuli·

93 3827 163 3908 bus,
191 3836 381 3918 pestilentie
414 3835 489 3901 suit.
535 3835 587 3902 Eo
614 3836 696 3902 nihil
726 3837 862 3920 dignum
882 3835 1041 3900 memorie
1067 3837 1191 3912 ectrrm,

94 3933 151 3998 m'si
164 3937 253 4020 quod
266 3937 363 4023 pacis
385 3937 495 4004 Deum
520 3941 744 4024 exposcendae
768 3959 874 4006 consa
899 3937 994 4002 tertio
1020 3942 1089 4002 tom
1112 3940 1193 4018 post

583 4105 690 4156 NOTAE

125 4213 152 4260 li
170 4213 212 4264 De
227 4215 345 4266 renibus
356 4213 476 4266 &mita
485 4223 513 4268 et
523 4217 621 4267 Facer-
662 4219 695 4268 sd
715 4217 807 4270 norst.
826 4216 912 4286 Epist.
931 4231 963 4269 u.
983 4221 1008 4271 1,
1024 4221 1080 4268 uot.
1100 4217 1143 4266 ἥ.
1166 4217 1195 4262 st

96 4283 320 4344 *stactem
337 4305 364 4355 p.
385 4293 442 4340 1⁷⁷.
459 4300 486 4342 et
502 4291 622 4342 Wieirud
661 4297 703 4344 2⁸.
