2817 4792
214 301 259 368 80
741 313 832 362 vira
862 333 867 340 ·
917 321 929 336 ⁸

109 415 119 450 i
214 461 319 532 astra
341 461 465 537 Plinio,
479 465 513 526 el
533 456 633 526 celim
645 455 814 522 viaticatus
827 455 962 534 Plauto,
978 455 1039 540 qui
1054 456 1125 522 levi
1136 457 1274 524 vialioo
1289 459 1341 524 in-

215 571 361 632 structus
382 566 443 628 est.
491 561 659 626 Praeterea
679 579 746 626 non
768 569 907 623 semestre
927 562 1081 624 aesfivum
1102 559 1189 626 illud
1211 581 1340 632 aurum

215 665 388 742 diceretur,
409 663 469 730 sed
493 663 665 726 trimestre:
687 683 750 728 nec
772 664 861 727 enim
882 667 1055 728 sex-totos
1074 681 1211 728 menses
1231 664 1341 728 durat

216 774 332 846 aestas,
347 774 385 832 ut
396 785 460 831 nec
476 768 643 830 semestris
656 771 709 831 est
721 767 840 830 biems.
880 763 926 831 At
937 773 1078 827 semestre
1088 784 1206 827 nurum
1217 764 1342 832 aemuli

217 874 304 949 sunt,
331 887 414 952 quos
444 867 599 948 gerebant
625 866 765 930 'Ibibuni
793 871 981 944 semestres,
1013 886 1076 950 pro
1102 867 1231 950 insigni
1260 885 1341 930 sues

184 1011 188 1028 .
217 971 395 1051 ffiffldtafis.
441 968 600 1033 Diximus
616 969 810 1033 Suetonium
821 969 928 1034 videri
942 974 1109 1033 auctorem
1125 968 1211 1032 ritoe
1225 967 1343 1032 Juve-

217 1073 315 1150 nalis,
330 1091 429 1156 quam
452 1071 509 1135 alii
534 1070 647 1135 Probo
667 1073 848 1136 ascribunt.
893 1071 997 1135 Stilus
1017 1071 1053 1132 id
1071 1071 1174 1154 plane
1192 1069 1340 1146 evincit,

217 1193 279 1238 nec
293 1178 454 1256 repugnat
469 1177 565 1237 setas.
602 1171 897 1237 Adulescentulum
910 1191 948 1236 se
969 1172 1074 1236 fuisse
1090 1177 1235 1236 testatur
1249 1171 1342 1235 Sue-
1399 1214 1400 1249 3

217 1277 329 1342 tonius
344 1275 408 1339 sub
424 1273 607 1339 Domitiani
626 1274 756 1356 imperii
770 1273 880 1352 finem,
895 1294 973 1338 eum
992 1274 1176 1337 exhaustus
1191 1291 1339 1356 operum

218 1398 259 1442 ac
271 1395 440 1442 munerum
455 1375 617 1457 impensis
625 1375 680 1438 ille
693 1375 850 1461 princeps
861 1375 1108 1441 omnium’bona
1117 1374 1338 1452 confiscaret,

218 1484 253 1543 ot
265 1483 386 1561 praeter
401 1481 528 1541 ceteros
542 1476 565 1541 J
567 1477 722 1542 udaicum
737 1477 854 1543 liscum
867 1479 1080 1543 acerbissime
1090 1478 1254 1560 exigeret,
1266 1495 1338 1560 quo
1399 1516 1400 1519 =

219 1587 367 1662 tempore
387 1577 561 1644 iuvenalis
583 1578 726 1642 mediam
741 1585 872 1644 aetetem
882 1581 954 1664 jam
964 1571 1169 1643 excesserat.
1216 1576 1339 1644 Vitam

219 1679 312 1744 illam
325 1680 380 1744 bic
395 1680 513 1763 paucis
524 1676 800 1759 examinabimus,
809 1687 846 1746 ut
858 1687 1019 1764 quantum
1032 1679 1237 1763 discrepent,
1254 1700 1336 1766 quae
1399 1727 1400 1730 ,

220 1780 269 1844 ibi
284 1779 325 1844 de
337 1778 503 1845 iuvenale
525 1781 695 1846 traduntur
710 1783 753 1846 ab
770 1782 835 1862 bis,
851 1803 927 1866 quse
943 1783 1002 1847 alii
1019 1781 1160 1858 tradtmt,
1176 1789 1339 1846 constare

220 1882 338 1966 possit.
383 1881 476 1946 Dicit
490 1880 512 1945 J
514 1883 686 1947 uvenalem
708 1880 752 1944 od
764 1879 976 1968 mediomsers
990 1891 1111 1946 etatem
1130 1879 1336 1956 declamasse,
1399 1932 1400 1983 p

221 1981 321 2045 ouims'
335 1991 457 2045 tuntum
478 2003 583 2046 ceusu.
627 1982 713 2048 Cum
728 1984 923 2070 octogenario
941 1985 1046 2069 major
1065 1983 1198 2060 obierit,
1220 1984 1340 2048 media
1399 2022 1400 2025 =

223 2089 306 2148 aetas
317 2083 391 2168 ejus
402 2084 621 2168 quadraginta
636 2079 766 2150 circiter
777 2088 871 2150 annis
885 2085 1072 2150 definienda
1085 2090 1146 2150 est
1182 2084 1336 2150 Tantun-

218 2184 298 2249 dem
320 2187 392 2265 erit,
407 2187 537 2250 etiamsi
559 2187 689 2269 triginta
709 2189 764 2252 vel
784 2189 891 2252 minus
911 2188 1013 2252 etiam
1029 2188 1146 2270 ponasss
1193 2182 1335 2262 Deinde,

221 2285 337 2371 inquit,
365 2307 534 2371 paucorum
559 2307 699 2351 versuum
724 2284 834 2351 Sotiru
856 2308 918 2350 mou
942 2286 1074 2352 absurde
1099 2287 1273 2370 composito
1302 2289 1336 2350 r'u
1399 2336 1400 2395 p

220 2385 376 2453 Paridem
402 2389 626 2474 pantomimum
648 2391 833 2477 po'e'tumque
860 2393 924 2476 ejus
956 2387 1157 2454 rurestribus
1177 2388 1337 2452 miiitiolr's
1399 2398 1400 2411 ¹

219 2493 398 2566 tumentem,
428 2488 482 2551 hoc
510 2511 606 2576 gemus
631 2494 790 2575 scripture
830 2490 1015 2555 industriose
1049 2487 1190 2554 excoluit.
1248 2491 1336 2557 Post
1399 2556 1400 2563 ,

221 2589 367 2652 mediam
380 2591 505 2673 itaque
518 2595 649 2655 aetatem
670 2593 935 2658 adscribendam
953 2595 1091 2658 satiram
1106 2593 1253 2658 ammam
1273 2613 1334 2678 ap·

172 2677 179 2690 ¹
224 2691 341 2775 pulit·
366 2690 528 2758 Porisille
543 2694 607 2756 sub
622 2693 814 2760 Domitiano
828 2697 951 2760 uomit.
995 2695 1106 2760 Poeta
1117 2694 1193 2778 ejus
1203 2695 1335 2761 Statius
1399 2740 1400 2809 p

224 2799 285 2873 est,
306 2813 403 2878 quem
429 2794 543 2859 Paridi
565 2793 704 2878 Agaven
725 2797 921 2879 tragoediam
942 2817 965 2861 a
983 2817 1020 2862 se
1033 2796 1277 2879 'compositam
1292 2817 1335 2860 ne

225 2897 377 2972 esuriret,
392 2895 580 2960 vendidisse
594 2917 637 2962 ea
651 2897 762 2962 Satira
778 2916 842 2962 vu.
856 2899 912 2964 86.
925 2919 976 2984 sq.
991 2900 1122 2964 dicebat
1143 2897 1334 2964 luvenalis.
1399 2946 1400 2979 ;

223 2995 418 3076 Totatergo
444 2996 501 3059 illa
530 2996 640 3062 Satira
658 2998 853 3079 'luvenalis
879 3019 982 3083 quam
1012 3001 1155 3084 primam
1173 3003 1333 3067 'omnium

226 3096 369 3181 scripsit,
385 3098 420 3159 in
435 3095 589 3161 Paridem
601 3100 840 3182 pantomimum
851 3102 981 3165 vibrata
990 3107 1053 3178 est,
1063 3102 1334 3184 quametpaucis
1399 3184 1400 3191 ἵ

226 3199 377 3263 versibus
401 3199 694 3266 constitisseoictt
711 3207 839 3266 auctor.
883 3201 955 3267 Hic
979 3201 1161 3266 notandum
1183 3209 1248 3279 est,
1270 3221 1335 3268 noa
1399 3194 1400 3267 i

228 3299 337 3365 dicere
359 3301 463 3378 illum,
493 3308 628 3385 propter
652 3321 726 3367 eam
744 3303 894 3370 'Satiram
917 3304 1111 3369 iuvenalem
1137 3304 1334 3368 inexilium
1399 3378 1400 3391 χ

222 3407 341 3466 actum
355 3402 469 3479 luisse,
491 3403 581 3484 quod
595 3409 703 3467 tamen
726 3405 784 3468 alii
803 3424 917 3469 omnes
939 3406 1100 3487 scriptum
1120 3403 1334 3487 reliquerunt,
1399 3404 1400 3485 l

221 3501 311 3580 nro,
335 3501 470 3580 susas,
495 3503 655 3567 sidonius
684 3501 891 3588 apolenaris
915 3503 1042 3591 (cam.
1068 3521 1123 3569 rx.
1149 3503 1246 3586 aru.)
1271 3506 1333 3570 me
1399 3488 1400 3499 '

226 3623 336 3682 versu,
350 3604 410 3687 qui
423 3603 621 3668 iuvenalem
635 3605 806 3688 designat:
1399 3570 1400 3637 i

552 3741 715 3833 Irutifuit
731 3745 890 3811 histrionis
904 3746 978 3813 exul
985 3775 995 3812 .·

229 3892 322 3976 atqui
335 3893 370 3958 id
389 3899 459 3958 erat
473 3893 541 3958 boc
555 3893 633 3958 loco
655 3916 720 3961 non
741 3898 968 3977 omittendum,
983 3919 1060 3965 eum
1074 3901 1176 3966 altum
1191 3900 1233 3966 de
1245 3917 1287 3966 eu
1300 3921 1334 3966 re

225 3993 394 4058 sileub'um
409 3997 464 4074 sit,
484 4017 526 4062 eo
545 3999 692 4064 maxime
718 4001 807 4084 loeo,
822 4021 891 4084 quo
916 4002 1020 4067 taceri
1039 4022 1104 4066 non
1118 4001 1251 4080 debuit,
1258 4003 1333 4068 inde

231 4093 382 4180 colligere
394 4095 484 4176 licet,
498 4107 655 4169 non-tunc
679 4104 854 4186 temporis,
865 4121 928 4169 nec
943 4108 1077 4189 propter
1086 4105 1126 4174 iu
1138 4103 1231 4172 Urbe
1245 4125 1332 4171 sum·
1399 4108 1400 4143 ³
