2817 4792
209 303 253 375 ab
656 321 704 372 oa
726 319 867 372 sarran

211 471 271 536 bat
285 469 388 545 salsa,
403 466 619 550 versibusque
631 467 825 551 plernnmue
836 465 970 532 alternis
984 473 1019 533 et
1037 465 1194 535 iecorntis
1208 487 1238 534 s.
1253 487 1315 532 ex-

210 569 451 654 temporalibus
477 563 779 652 (ιιῦτοσχιδωίσμιισι)
801 586 976 652 expressa,
999 569 1122 652 quibus
1143 569 1319 652 agricolae,

211 673 290 738 viee
304 671 405 756 pleni,
420 674 454 734 et
475 673 709 752 praetereuntes
729 675 763 734 et
784 689 821 734 se
842 670 984 734 invicem
1004 669 1228 749 lacessebant,
1247 673 1321 734 ani·

211 794 337 838 momm
359 773 552 838 remissione
573 778 606 838 et
627 771 816 836 temulentia
828 779 1015 837 excusante
1031 772 1171 857 jocandi
1191 779 1228 837 et
1245 773 1322 838 irri-

212 874 312 939 dendi
332 874 526 938 licentiam.²
575 871 705 937 Sensim
727 893 807 938 vero
828 893 883 940 ars
903 873 1053 938 adhiberi
1078 875 1195 957 coepit,
1218 875 1324 938 resti·

214 978 310 1062 cique
331 976 480 1040 homines
503 974 546 1038 ad
579 993 748 1040 numerum
762 975 886 1059 (pulpis
910 971 1005 1061 μέτρα
1034 975 1084 1038 sai
1109 972 1267 1058 ἁρμονίαι)
1287 982 1324 1041 et

215 1097 334 1144 canere
362 1085 395 1144 et
414 1077 603 1162 gesticulari
624 1097 685 1144 seu
707 1079 833 1144 saltare
856 1079 1041 1144 discebant.
1086 1077 1172 1142 Inde
1198 1076 1324 1155 ώσω,

215 1183 273 1266 qui
287 1181 485 1268 principiae
500 1179 629 1264 Satyris
644 1181 874 1264 utplurimum
888 1181 1158 1264 componebatur,
1174 1181 1325 1265 ipimus

215 1284 330 1368 poesis
341 1282 486 1368 (θεατρικὴ
497 1283 633 1364 μουσικὴ)
648 1282 806 1364 originem
821 1281 942 1346 duxit-³
967 1281 1106 1365 Duplex
1114 1287 1227 1348 autem
1236 1281 1321 1348 illud

216 1387 421 1450 canticorum
435 1405 539 1468 genus
553 1370 713 1469 paulatim
737 1385 905 1449 scenicam
921 1383 1210 1468 dramaticamque
1225 1383 1325 1450 Gra·

218 1505 334 1551 cerum
360 1495 476 1565 artem,
501 1491 534 1572 et
562 1487 698 1551 alterurn
727 1484 859 1569 quidem
889 1484 1056 1570 tragedias
1096 1483 1275 1572 (τραγῳδίας
1295 1505 1323 1550 s

217 1587 387 1677 τραγῳδίας)
417 1589 555 1654 alterum
583 1587 743 1652 comedim
768 1585 942 1672 (κωμῳδίας)
960 1591 1117 1672 peperit.4
1150 1589 1229 1654 'Ex
1257 1590 1324 1654 illis

217 1696 382 1773 praeterea
403 1689 513 1754 eboris
538 1689 741 1774 Satyrorum,
757 1709 841 1773 quos
865 1690 990 1774 priscis
1012 1690 1221 1772 temporibus
1239 1692 1325 1755 ruri·

219 1793 316 1869 celse,
360 1791 439 1858 vine
461 1789 650 1876 gaudioque
680 1792 878 1866 exultantes,
901 1793 1054 1874 omnique
1077 1792 1272 1858 dicacitatis
1295 1799 1327 1858 et

218 1895 409 1976 petulantia
424 1913 539 1977 genere
553 1895 658 1958 risum
679 1895 816 1970 cientes,
838 1894 991 1975 agebant,
1011 1899 1099 1960 natae
1126 1900 1203 1959 sunt
1230 1892 1326 1982 Saty·

219 1994 291 2058 ricc
315 1996 509 2062 Graecorum
527 1993 669 2082 subula,
700 2015 790 2080 quae,
814 2015 891 2060 cnm
919 2002 1109 2078 argumento
1136 1998 1323 2080 moediis,

221 2099 466 2182 compositione
489 2097 665 2164 cemoediis
683 2098 848 2182 proximae
870 2103 990 2175 essent,
1013 2098 1143 2162 illarum
1165 2100 1325 2165 severitu-

186 2193 190 2202 ’
219 2203 286 2262 tem
301 2191 425 2264 'harum
446 2199 610 2264 hilaritate
632 2199 867 2282 temperabant,
895 2204 928 2261 et
962 2217 1029 2262 nen
1055 2201 1103 2263 ita
1123 2200 1229 2264 multo
1250 2206 1326 2284 pest

220 2299 403 2386 Thespidis
423 2301 603 2367 inventoris
614 2303 807 2384 temporale
830 2301 972 2364 scenicis
988 2301 1188 2382 tragicorum
1210 2302 1325 2385 peita-

221 2421 292 2466 rum
305 2406 537 2470 certaminibus
550 2425 577 2470 s.
590 2401 805 2490 τετραλογίαις,
818 2423 895 2486 quae
915 2403 1021 2468 tribus
1042 2403 1138 2467 festis
1151 2401 1326 2468 Bacchicis

222 2503 275 2568 vel
293 2505 501 2572 Liberalibus
514 2505 681 2584 (Διονυσίοις
694 2509 752 2581 τοῖς
770 2508 799 2568 ἐν
820 2504 952 2587 Λίμναις,
964 2507 1021 2584 τοῖς
1040 2505 1104 2567 κατ’
1118 2501 1195 2568 ἄστυ
1216 2511 1253 2569 et
1272 2507 1326 2577 coir

224 2609 289 2670 κατ’
313 2605 435 2693 ἀγροὺς)
456 2609 718 2686 celebrabantur,
740 2609 834 2672 trinis
856 2606 1039 2688 tragoediis,
1061 2607 1237 2674 abeodem
1255 2627 1327 2691 pre

223 2709 345 2792 positis
366 2711 469 2794 polita
490 2717 523 2775 et
544 2717 732 2794 argumente
763 2712 831 2776 fere
853 2708 940 2773 haud
962 2708 1165 2793 disparibus,
1190 2728 1268 2772 eum
1295 2709 1327 2774 in

225 2811 321 2876 tinem
335 2814 488 2900 subjungi
510 2814 670 2892 solebant,
693 2819 731 2878 ut
753 2810 911 2896 quicquid
931 2810 1074 2878 matitia
1099 2831 1144 2874 ex
1164 2811 1232 2876 illis
1250 2811 1330 2876 roes

224 2911 377 2978 haustum
399 2921 497 2993 esset,
514 2917 570 2979 bis
589 2915 814 2980 relaxaretur-⁵
868 2912 997 2977 Praeter
1013 2913 1074 2977 bas
1096 2930 1177 2977 vero
1191 2907 1327 2998 subules

227 3011 525 3099 tragico-sarpieos,
547 3035 566 3080 e
590 3017 711 3098 quibus
734 3035 800 3080 una
824 3019 961 3089 tentum,
975 3012 1122 3100 Cyclops
1147 3012 1327 3099 Euripidis,

223 3123 351 3206 integra
362 3131 523 3208 superest,
542 3125 634 3191 suere
644 3127 744 3192 etiam
758 3123 1057 3210 ιοιιιιέιι-ιιιῳιιι-«ιε,6
1068 3147 1134 3191 nen
1148 3146 1170 3189 a
1181 3127 1325 3210 tragicis,

729 3317 835 3368 NOTAE

261 3443 333 3496 act.
350 3445 409 3496 loca
424 3447 580 3512 elasavirp
589 3448 639 3498 Ge.
656 3461 689 3498 rr.
709 3451 756 3498 ³86
832 3445 944 3499 scoot.
974 3446 1086 3497 cumb.
1106 3445 1153 3494 lib.
1182 3457 1202 3495 r.
1229 3459 1256 3496 e.
1281 3449 1329 3495 Μ.

229 3537 285 3590 sqq.
318 3521 411 3573 Horat.
432 3523 517 3587 Epist.
540 3535 570 3571 rr.
587 3528 611 3574 1.
633 3526 682 3574 180
701 3538 757 3588 sqq.
791 3524 859 3589 inps.
877 3540 904 3588 p.
925 3527 1043 3573 lit-125.
1081 3523 1166 3572 Bairle
1181 3521 1200 3570 1.
1221 3522 1239 3572 l.
1257 3522 1328 3572 aaa

230 3607 258 3650 ct
275 3597 369 3650 Tiball.
392 3602 545 3663 ababa.
572 3613 603 3650 rr.
623 3603 647 3650 1.
667 3603 698 3650 tl
719 3615 760 3664 sq.
799 3601 1018 3665 smedtpdeaq.
1051 3599 1142 3664 Pliissel
1159 3600 1190 3648 Τ.
1210 3613 1231 3649 r.
1248 3603 1329 3664 ptt'l

212 3675 400 3730 ,scurrilitatis
417 3675 487 3726 illias
507 3676 627 3740 exempla
644 3682 709 3728 nota
726 3693 760 3727 ex
801 3692 858 3743 sqq.
890 3678 994 3728 Potteri
1006 3676 1088 3726 san.
1100 3677 1149 3725 Gr.
1158 3676 1192 3724 Τ.
1202 3687 1225 3724 ι.

231 3751 327 3803 Horat.
344 3752 400 3804 Sat.
418 3756 516 3804 neti
528 3767 568 3817 aq.
585 3757 610 3803 7.
629 3758 641 3804 1
662 3767 702 3820 sq.
728 3758 763 3804 28
833 3749 1326 3817 otdqoteenoafogtrcmoom

232 3841 270 3894 tq.
302 3829 375 3892 virg.
387 3829 444 3880 Eri.
455 3843 500 3880 ιιι.
801 3828 1035 3893 casp-otrentum,
1052 3827 1100 3878 ceri
1121 3827 1215 3878 levita
1231 3833 1326 3877 tuton

264 3904 367 3958 aCent'.
380 3907 489 3960 Aristot.
503 3907 578 3960 Ροὸι
589 3921 614 3956 e.
624 3910 650 3956 t.
666 3905 762 3958 'libell
801 3907 858 3975 (ille
875 3923 900 3970 p.
916 3911 974 3957 lu.
988 3906 1031 3956 bic
1047 3921 1076 3970 p.
1096 3904 1157 3967 uc)
1170 3919 1225 3953 rem
1240 3903 1329 3968 tetigt·

232 3979 251 4029 1.
260 3979 277 4030 l.
801 3993 874 4050 not,
898 3999 975 4051 quan
996 3983 1098 4048 prolixa
1121 3981 1219 4045 prinu
1238 3988 1268 4032 et
1282 3993 1328 4030 aon

266 4055 441 4110 ⁴V.Ariatot
450 4060 468 4110 l.
478 4060 497 4110 1.
508 4059 640 4112 strithem
649 4063 766 4126 rapit.
805 4056 1202 4126 minmingeniooeannrlocta
1212 4055 1328 4107 tutante

233 4131 276 4182 ed.
288 4133 400 4182 casaub.
409 4133 604 4202 blankenburg.
612 4139 642 4188 Τ.
651 4151 672 4187 r.
683 4151 709 4201 p.
717 4141 767 4187 tbt
806 4135 959 4190 &amr
968 4136 987 4186 l·
998 4135 1018 4184 l·

236 4221 276 4277 tq.
