2817 4792
194 307 240 376 ⁷2
644 324 692 372 nu
714 322 855 372 saurae

196 469 346 536 versibus
362 465 637 548 Fescenninas
658 467 788 552 passim
809 467 933 532 laedere
955 487 1000 534 ex
1020 466 1161 532 libidine
1177 467 1307 552 eoepis·
1394 481 1400 487 '

197 577 271 638 sent
293 571 404 654 plures
428 570 545 647 bonos,
569 570 803 654 nequisquam
817 569 853 633 in
867 570 1004 634 alterum
1027 587 1161 635 carmen
1180 570 1308 632 infame

197 679 407 756 proponeret,
422 672 493 754 lege
508 673 555 755 [in
572 688 643 737 x11.
659 670 815 751 Tabulis]
835 671 905 735 lata
918 671 1049 736 siluere.
1095 669 1140 733 Et
1153 669 1235 734 hinc
1250 670 1307 733 de·
1399 692 1401 703 ·

199 773 275 838 inde
293 774 384 838 aliud
398 793 500 856 genus
513 775 650 852 fabulae,
675 774 711 839 id
736 777 789 836 est
813 771 935 851 Sotira,
961 772 1080 836 simut
1101 771 1282 836 exordium
1292 770 1311 834 τ’
1402 804 1403 807 ¹

198 875 412 940 Fescenninis
436 877 585 940 versibus
612 877 648 940 in
674 894 777 962 scena¹
800 875 964 938 successit
992 872 1113 936 Satura
1136 875 1254 954 prisca
1276 877 1309 934 et

198 976 405 1047 dramatica³³
423 979 521 1060 ‘qnae
537 995 559 1040 a
569 975 711 1059 Satyris,
726 995 810 1058 qnos
823 976 934 1040 illotos
950 993 1079 1057 semper
1093 991 1135 1038 ac
1149 973 1309 1056 petulan-
1389 982 1394 991 '

198 1081 250 1144 tes
275 1075 369 1140 Deos
395 1078 519 1142 scimus
545 1096 631 1154 esse,
655 1076 801 1141 vocitata
828 1082 898 1154 θεῖς
934 1076 997 1139 etsi
1024 1074 1155 1137 aliunde
1183 1093 1309 1137 nomeu

197 1180 340 1244 traxisse
353 1198 464 1262 prave
494 1183 615 1261 putant
637 1176 706 1242 alii.
754 1176 856 1252 Haec,
882 1195 958 1259 quae
981 1175 1094 1240 Satira
1113 1175 1240 1240 dicitur
1260 1178 1309 1258 [et
1393 1180 1397 1203 ¹

198 1277 347 1359 Exodia]
370 1279 535 1366 ejusmodi
563 1279 636 1356 fuit,
667 1285 704 1344 ut
727 1281 761 1342 in
784 1297 827 1342 ea
850 1278 1006 1360 quamvis
1028 1277 1110 1340 duro
1138 1281 1174 1340 et
1199 1277 1308 1342 ueluti

1391 1208 1398 1383 l

198 1381 425 1464 agrestijoco,
441 1379 586 1446 devitiis
609 1380 732 1444 civium
755 1385 866 1443 mmen
887 1379 958 1441 sine
971 1378 1042 1441 ulle
1060 1379 1187 1459 proprii
1201 1378 1308 1442 nomi·
1393 1388 1398 1397 ·

198 1481 250 1544 nis
264 1480 358 1544 titulo
373 1499 503 1543 carmen
518 1487 617 1545 esset
662 1480 764 1558 Quod
779 1483 856 1545 item
868 1499 971 1561 genus
981 1478 1162 1563 comoediae
1175 1478 1308 1560 [Satira

200 1577 397 1658 dramatico]
411 1580 523 1644 multis
538 1580 645 1645 obluit
659 1580 781 1664 poetis,
797 1601 873 1644 cum
894 1582 929 1643 iu
947 1580 1175 1662 suspicionem
1190 1587 1307 1662 poten·
1399 1556 1401 1625 Ῐ

200 1681 287 1744 tibus
303 1681 433 1744 civibus
448 1683 624 1759 venissent,
641 1683 772 1746 illorum
795 1682 885 1745 facta
907 1681 1128 1763 descripsisse
1147 1681 1184 1743 in
1208 1681 1307 1763 pejus
1398 1707 1400 1717 ¹

201 1801 242 1846 ac
256 1781 458 1846 deformasse
480 1803 581 1862 genus
606 1785 693 1866 stylo
717 1785 894 1862 carminis;
916 1781 1006 1865 quod
1029 1779 1130 1862 priato
1155 1781 1307 1846 Lucilius

201 1903 279 1948 aoeo
295 1881 490 1965 conscripsit
503 1881 603 1960 uredo,
618 1895 654 1947 ut
666 1884 787 1968 poesin
800 1884 876 1947 inde
890 1883 1024 1958 faceret,
1038 1882 1221 1963 [singulare
1236 1901 1306 1946 cer·

201 1985 326 2048 minum
350 2003 462 2066 genus,
478 1985 569 2067 quod
591 2005 656 2048 non
681 1992 833 2067 ageretur
855 1986 889 2048 in
914 2001 1026 2057 scena,
1041 1981 1100 2044 sed
1121 1982 1305 2063 legeretur3

201 2103 267 2150 nun
281 2084 498 2148 dramaticum
513 2091 614 2164 esset,
629 2086 689 2150 sed
702 2083 920 2164 didacticum]
934 2083 971 2147 id
993 2090 1052 2161 est,
1066 2083 1166 2147 unius
1187 2087 1306 2149 carmi·

201 2186 255 2250 nis
267 2187 377 2270 plures
390 2186 512 2254 libros!

246 2288 357 2354 Satira
371 2288 484 2371 itaque
500 2309 521 2353 a
544 2287 676 2354 Lucilio
693 2290 837 2367 inuenta,
852 2296 886 2354 et
902 2290 1076 2373 praecipue
1089 2290 1132 2353 ab
1148 2289 1306 2366 Horatio,

204 2390 334 2469 Persio,
352 2411 393 2455 ac
407 2390 581 2470 Juvenale,
598 2382 656 2455 sed
672 2392 716 2455 ab
736 2411 935 2475 unoquoque
950 2391 1085 2456 diversa
1097 2391 1226 2455 ratione
1249 2411 1309 2455 ex·
1405 2396 1407 2423 '

203 2492 305 2567 culta,
321 2497 370 2554 est
381 2491 462 2554 illud
477 2494 656 2556 carminum
669 2512 781 2574 genus,
793 2494 884 2575 quod
897 2494 986 2558 vivis
999 2493 1166 2557 coloribus
1188 2493 1308 2574 imagi-

202 2591 363 2672 nibusque
374 2609 483 2653 mores
498 2592 663 2656 hominum
677 2591 884 2670 adumbrare,
899 2599 932 2657 et
955 2601 1025 2657 tum
1047 2596 1202 2658 viantem
1223 2613 1308 2678 prae·

204 2693 323 2775 captia,
340 2709 477 2774 quorum
496 2695 641 2774 gravitas
667 2695 825 2759 comitate
849 2696 1040 2779 plerumque
1064 2715 1105 2759 ac
1125 2694 1309 2760 festivitate

203 2792 336 2858 condita
349 2800 411 2872 est,
424 2796 662 2872 commendare,
679 2801 748 2860 tum
774 2816 897 2860 errores
921 2797 1132 2880 potissimum
1152 2814 1195 2860 ac
1214 2797 1307 2873 vitia,

203 2893 375 2958 luculentis
390 2896 553 2979 exemplis
570 2897 776 2978 salibusque,
796 2898 898 2960 modo
913 2898 1048 2960 urbanis
1067 2896 1167 2960 modo
1191 2899 1308 2980 nigris,

204 2992 258 3056 vel
271 2995 351 3057 risui
366 2996 419 3058 vel
433 2997 569 3062 invidiae
586 3017 763 3082 exponere,
784 2998 933 3080 adeoque
955 2997 1131 3078 multiplici
1151 2997 1313 3081 poeseos,

204 3094 395 3160 dramaticus
420 3097 639 3178 potissimum,
661 3104 732 3163 arte
756 3103 986 3180 argumentare
1013 3098 1086 3161 vita
1109 3100 1310 3179 quotidiana
1337 3133 1343 3142 ι
1405 3116 1406 3153 t

205 3195 377 3278 depromta
399 3201 548 3275 tractare,
562 3205 595 3263 et
618 3201 667 3263 sic
685 3199 824 3263 lectores
844 3203 912 3262 tam
937 3197 1114 3274 delectare,
1129 3217 1234 3281 quam
1249 3200 1309 3264 do·

204 3315 279 3362 aere
293 3302 327 3362 et
341 3299 511 3364 emendare
525 3305 670 3367 conatur.
692 3300 715 3364 J
718 3320 772 3364 am
787 3300 818 3365 si
832 3301 1003 3383 quaeritur,
1017 3307 1126 3364 utrum
1139 3307 1175 3364 et
1185 3319 1310 3365 nomen
1405 3296 1406 3347 ³

204 3402 236 3462 et
262 3397 374 3481 ipsum
397 3401 549 3464 carminis
577 3420 691 3484 genus,
715 3401 788 3465 sive
812 3401 1018 3488 alterutrum„
1039 3400 1203 3464 Romanis
1231 3421 1309 3485 pro-

203 3500 312 3586 prium
325 3498 434 3577 luerit,
447 3519 526 3588 anne
545 3499 687 3578 Graecia,
702 3508 740 3566 ut
753 3499 912 3584 quicquid
925 3502 969 3565 ad
984 3506 1070 3566 artes
1085 3503 1309 3585 scientiaeque

205 3607 344 3686 spectat,
355 3601 507 3685 petitum,
524 3607 557 3666 et
572 3604 726 3687 satyrica
740 3622 852 3667 eorum
867 3602 966 3685 poesi
976 3609 1171 3683 cognatum3
1187 3601 1309 3666 Gram-

205 3706 315 3770 matici
336 3710 469 3783 certent,
481 3711 514 3770 et
534 3705 640 3770 adhuc
655 3706 842 3790 subjudice
855 3706 898 3769 lis
912 3711 972 3770 est.
1019 3703 1104 3770 Illud
1121 3723 1309 3790 propugna·
1405 3732 1406 3773 1

699 3871 807 3923 NO'l'AE
900 3888 907 3899 ·

239 4005 269 4049 3³
286 4000 329 4050 lta
347 4002 483 4054 obscurum
505 4001 677 4054 Grammatici
698 4001 734 4052 lo·
775 4015 826 4050 rer.
837 4001 865 4052 Τ.
878 4013 916 4051 ιν.
927 4004 1019 4064 plats.
1031 3996 1308 4048 austudunensis
1405 3982 1406 4047 l

206 4089 265 4125 cum
277 4075 402 4139 intelligo,
413 4093 489 4141 quem
505 4079 555 4128 alio
570 4093 646 4128 sensu
664 4077 737 4140 cepit
776 4092 802 4141 p.
812 4080 853 4125 66.
865 4081 905 4127 51.
924 4082 952 4126 et
969 4076 1020 4126 ello
1038 4072 1151 4138 denique
1168 4073 1263 4126 Mauso
1280 4087 1305 4137 p.

206 4151 314 4202 Cemub.
325 4165 350 4216 p.
362 4155 402 4202 23.
415 4153 466 4202 alio
477 4153 622 4206 Elankeub.
634 4155 666 4203 ad
679 4153 736 4203 Sul·
775 4155 831 4202 lle.
844 4154 902 4201 ln.
