2817 4792
533 395 673 445 sarran
698 394 748 447 vr.
1131 381 1198 471 897

81 537 280 622 Plangentis
294 539 411 623 populi
425 540 525 603 currit
538 540 669 604 derisor
682 539 830 607 Anubis.

79 639 149 704 Ille
163 641 249 723 petit
262 642 405 717 veniam,
422 643 554 724 quoties
568 663 633 706 non
647 645 794 709 abstinet
806 663 896 709 uxor
1132 642 1199 711 ⁵35

80 737 274 808 Concubitu
288 746 392 808 sacris
408 744 690 828 observandisque
705 747 847 827 diobna;

6 845 26 888 -'·
80 840 275 927 Magnaque
289 844 427 910 debetur
440 846 567 909 violato
581 865 684 928 poena
699 849 857 913 cadurco.

11 949 25 988 ‘²
82 943 132 1007 Et
144 949 289 1010 movisse
303 953 405 1031 capnt
416 950 491 1013 visa
504 953 557 1012 est
570 955 727 1032 argentea
740 969 896 1033 serpens:

7 1217 22 1231 „
79 1173 162 1238 plebia
172 1175 275 1237 iugentia
289 1179 393 1238 rugato
402 1175 496 1224 Anubis
506 1175 599 1224 induor.
634 1175 685 1226 Hic
702 1177 875 1240 indulgentiam
887 1180 1197 1244 pncntrnqaatieacumqae

6 1285 22 1315 ᾗ
83 1244 259 1303 »retemperat
272 1240 358 1301 eordan
374 1239 389 1268 '
406 1239 421 1268 ⁹
436 1241 517 1290 diebu
526 1241 770 1292 mrtiaetcoleadia.
802 1243 882 1306 Atque
891 1244 1031 1307 appaream
1040 1244 1202 1309 ingeminasti-r

6 1355 12 1382 =.
79 1305 197 1367 gendum,
213 1319 271 1354 curn
279 1305 413 1366 mgnum
423 1309 566 1356 innuatur:
582 1305 713 1370 arguiaqae
723 1312 838 1370 argentea
847 1313 970 1372 marpecta
979 1313 1015 1358 eat
1024 1313 1095 1373 caput
1103 1325 1198 1360 ema·

553 1473 734 1494 MODO„

6 1620 11 1638 «
83 1594 189 1652 myrta,
199 1591 301 1655 qnando
314 1592 408 1642 Ouirim
420 1593 641 1658 quarum—687
659 1594 772 1643 inviolato
782 1599 824 1644 12.
840 1597 925 1645 rodaco
936 1599 977 1645 22.
993 1597 1090 1645 endam
1099 1599 1140 1645 21.
1153 1601 1194 1648 52.

6 1689 10 1698 .
82 1656 205 1704 mdacooeo
215 1661 255 1705 12.
280 1659 378 1706 marceo
390 1661 429 1707 il.
444 1662 482 1708 12.
495 1662 577 1709 ludo.
588 1663 630 1710 28.
645 1663 686 1710 24.
698 1663 740 1708 25.
752 1665 793 1709 27.
805 1664 888 1709 4548.
905 1665 945 1709 58.
963 1665 1004 1710 58.
1015 1665 1098 1712 dudd.
1108 1665 1194 1712 ou-oo:

6 1719 10 1786 ζ
83 1725 129 1770 71.
141 1724 181 1770 72.
192 1725 233 1771 73.
250 1725 290 1770 85.
303 1722 361 1771 eod.
381 1723 506 1785 Pontaui‚
525 1723 615 1800 (quem
625 1739 649 1773 v.
661 1724 694 1773 ad
714 1724 830 1774 Maerob.
848 1725 904 1774 Sat.
915 1738 935 1774 r.
947 1724 1001 1789 28.)
1017 1731 1046 1774 et
1061 1726 1121 1776 libri
1134 1726 1196 1775 Pul·

7 1829 8 1835 ,
82 1785 183 1846 manni,
192 1787 286 1848 probb.
299 1786 439 1848 Autumno,
451 1787 566 1838 Mancrn.
579 1795 607 1838 et
618 1787 684 1851 aliia,
697 1796 728 1837 nt
736 1789 837 1838 Anubia
848 1789 903 1838 desi
940 1797 1009 1850 etur,
1021 1790 1075 1853 qui,
1086 1790 1195 1840 utMer·

6 1851 8 1914 ,J
85 1848 183 1910 cudda,
211 1851 277 1900 laeva
295 1866 372 1900 manu
392 1851 535 1902 caduceum
560 1859 643 1916 gerat,
670 1853 702 1902 de
725 1869 777 1917 quo
800 1869 824 1902 v.
847 1853 926 1916 Apu.
945 1855 1011 1903 Met.
1031 1867 1070 1903 ιι.
1092 1869 1120 1917 p.
1137 1857 1195 1905 878.

7 1916 8 1923 ’
85 1916 130 1963 vel
145 1929 172 1978 p.
190 1918 246 1964 262.
265 1916 308 1966 ed.
329 1917 394 1966 Elm.
438 1917 519 1981 Male,
539 1924 567 1967 et
587 1927 680 1967 contra
698 1919 907 1968 metrumi-dts
931 1918 1045 1968 maim
1063 1921 1103 1968 59.
1120 1922 1195 1970 58·-

596 2080 702 2131 NOTAE

7 2240 8 2265 ,
84 2203 182 2254 -Non
193 2211 233 2254 eat
249 2203 288 2256 faa
303 2221 363 2257 eum
374 2213 460 2258 certos
472 2209 532 2258 vita
544 2223 620 2259 exce·
659 2209 719 2259 AEn.
730 2221 794 2258 rur.
806 2209 814 2236 ‘
826 2209 950 2258 Latrator
960 2205 1078 2256 Anubia.’

86 2280 151 2330 dere
163 2295 258 2343 annon
275 2297 439 2349 mersumque
451 2284 476 2332 in
493 2284 620 2335 Sacerdo-
693 2289 741 2334 555
760 2285 805 2334 iile
822 2285 886 2348 petit
904 2283 1007 2344 mma,
1025 2282 1125 2346 pudiea,
1143 2284 1196 2348 dra]

85 2365 143 2406 tum
168 2355 240 2407 fonte
262 2366 373 2409 enecant
392 2360 525 2425 quaesituri
547 2361 621 2411 iactu
661 2361 734 2412 Dum
754 2363 833 2411 Sacra
851 2360 929 2410 India
948 2357 1196 2424 peragebanturuo-

84 2434 176 2493 alium,
196 2448 272 2498 quem
296 2435 471 2498 substituant3
487 2445 516 2487 et
539 2437 621 2488 donec
661 2453 720 2488 vem
732 2438 857 2503 perdica,
869 2433 942 2486 nefas
954 2433 1143 2485 eratnxoribua
1155 2433 1195 2483 uti

84 2511 242 2573 invenerint,
265 2521 394 2574 moerent;
420 2513 519 2564 denaria
540 2516 620 2565 etiam
662 2514 799 2578 conjugio:
818 2511 951 2562 debebant
963 2510 1087 2575 riquidem
1100 2509 1195 2574 ipaoin

85 2586 227 2651 capitibus,
238 2592 288 2637 dac.
321 2589 426 2654 Insigne
442 2591 476 2654 ei,
489 2592 515 2640 in
527 2591 622 2641 dextro
659 2592 768 2654 Templo
786 2590 936 2640 atramentis
952 2587 1085 2651 incubare,
1106 2580 1195 2651 ibique

84 2665 171 2714 latere
193 2665 334 2714 candicans
361 2668 473 2730 macula,
500 2667 621 2716 cornibus
661 2667 799 2733 pervigilia
809 2667 955 2718 celebrare.
983 2665 1197 2728 Ergoquaeprae-

88 2740 172 2788 Lnuae
182 2753 301 2789 crescere
318 2739 484 2804 incipientia;
502 2749 529 2792 et
539 2742 620 2791 nodua
661 2745 787 2808 scriptum
798 2744 950 2801 violaverat,
968 2742 1108 2791 tenebatur
1124 2740 1196 2790 adire

86 2815 136 2866 sub
155 2817 250 2880 lingua,
271 2831 348 2881 quem
361 2817 512 2866 cantharum
533 2819 622 2882 appel·
660 2821 840 2882 Sacerdotem,
859 2827 889 2869 ut
904 2833 952 2884 pro
964 2819 1021 2881 ipaa
1030 2816 1132 2866 veniam
1149 2817 1195 2866 im·

84 2893 161 2943 lant?
180 2895 247 2943 lbid.
280 2893 349 2942 Vide
365 2899 393 2943 et
413 2893 523 2943 Diodor.
542 2895 621 2945 Sicui.
661 2901 787 2961 petraret.
820 2896 871 2943 ver
887 2893 1195 2959 ipaemarirnaprouxo·

87 2975 154 3020 rud.
171 2975 221 3020 &o
256 2971 343 3020 Cicer.
361 2983 382 3020 r.
405 2970 439 3018 de
459 2970 522 3020 Nat.
538 2971 621 3021 Deor.
662 2987 690 3022 re
712 2972 911 3038 deprecabatur,
924 2967 964 3020 'ut
982 2969 1072 3034 placet
1092 2966 1196 3033 quibua·

84 3061 113 3097 n.
131 3049 171 3095 88.
200 3045 319 3096 Macrob.
340 3046 358 3094 Ι.
369 3057 388 3094 1.
416 3047 520 3097 Saturn.
538 3061 561 3096 c.
580 3050 621 3096 22.
662 3047 731 3097 dam.

84 3127 139 3175 dte.
694 3129 743 3173 537
762 3123 881 3186 Cudarm]
897 3121 1015 3171 culcitra
1031 3119 1101 3168 linea
1116 3132 1132 3168 a
1147 3119 1196 3169 Ca·

119 3203 167 3250 584
186 3198 281 3262 Car-rit]
303 3199 345 3250 Ad
363 3197 531 3263 quaerendum
542 3198 621 3263 Apim
662 3199 750 3248 dureia
762 3197 858 3247 Galliae
869 3197 974 3260 populis
987 3201 1071 3256 texta,
1082 3208 1114 3243 ex
1126 3193 1196 3243 Piin.

82 3279 190 3338 bovem,
212 3283 242 3326 nt
264 3291 323 3324 mou
344 3275 443 3324 dictum
463 3285 511 3324 eat.
553 3277 621 3326 Vide
662 3287 724 3323 xrx.
737 3277 761 3320 l.
774 3273 920 3334 Metonym.
930 3285 978 3334 pra
989 3271 1068 3331 lecto,
1078 3271 1121 3318 vei
1132 3276 1198 3318 stra·

83 3352 167 3403 etiam
178 3351 465 3402 AmmianMarcelbl.
478 3363 549 3399 xxrr.
661 3356 800 3412 mento,ut
816 3346 995 3396 moadietum.
1028 3345 1196 3409 Iregnotqui·

121 3428 235 3491 Derisor]
268 3428 393 3478 Credulna
412 3427 502 3491 popuii
523 3435 623 3478 menter
662 3427 731 3486 dam,
758 3428 876 3485 Cadaceo,
898 3436 1045 3486 quanquam
1068 3427 1197 3484 repugnat

83 3505 208 3556 illudens.
662 3503 740 3552 metri
766 3503 824 3562 lex;
846 3499 1045 3562 intelliguntqne
1073 3497 1196 3558 Anubim,

121 3581 223 3645 Anubis]
250 3583 368 3631 Summus
387 3581 513 3631 Sacerdos
536 3596 623 3646 perro·
664 3577 928 3644 quilaevacudnceum
937 3589 1029 3637 perena
1038 3572 1196 3623 describitur

85 3677 149 3712 narn
160 3662 282 3715 exbibens
296 3661 375 3725 ipsius
391 3661 529 3722 Anubidis,
546 3675 622 3726 quern
665 3657 697 3705 ab
709 3653 839 3718 Appuleio
848 3653 867 3702 Ι.
879 3665 919 3701 xr.

87 3735 202 3787 Osiridis
222 3737 301 3787 filium
320 3737 437 3801 AEgyptii
457 3738 577 3786 uolebant
595 3744 624 3787 ut
696 3735 745 3780 578
766 3731 993 3789 Viaaeatargeataa
1002 3723 1107 3787 amena]
1130 3724 1196 3772 unm

84 3818 210 3866 nuncium
233 3817 345 3880 Superos
367 3817 435 3865 inter
455 3831 485 3865 uc
514 3815 625 3878 Infcroa,
664 3811 755 3857 illsswr
768 3807 884 3856 Antiates
895 3813 926 3853 1¹2
942 3801 1093 3866 religionem
1102 3813 1133 3848 δῦ
1144 3813 1197 3848 ¹¹¹⁶·

85 3894 137 3944 aab
154 3895 245 3944 canina
262 3893 365 3958 quidem
384 3892 472 3957 specie
485 3899 511 3941 ct
528 3891 622 3956 effigie,
663 3893 718 3935 turn
726 3883 836 3947 injiciat,
848 3880 972 3930 mentitur
982 3879 1092 3926 visama
1107 3890 1136 3924 ae
1148 3888 1194 3962 ¹ar-

86 3985 119 4019 eo
139 3969 206 4033 quod
228 3969 270 4018 iile
293 3983 383 4018 canem
408 3983 454 4032 pro
480 3968 621 4031 insignibus
663 3969 783 4025 genteam
793 3966 951 4021 serpentem,
963 3969 1019 4018 qna
1031 3951 1107 4001 eatin
1118 3949 1196 4040 ludia

85 4045 229 4095 habuisset.
260 4045 338 4094 uitat.
359 4059 420 4091 mox
440 4043 519 4092 Diod.
540 4043 621 4091 sicul.
661 4037 779 4098 Templo,
796 4037 960 4099 quaaaautenr
977 4035 1058 4093 caput
1074 4043 1130 4092 prae
1146 4041 1196 4090 rra,

85 4121 225 4171 Plutarch.
244 4119 277 4169 de
292 4119 362 4170 Oair.
382 4119 446 4168 Coei.
466 4117 580 4180 uuong:
594 4129 621 4167 v.
664 4113 697 4162 ob
708 4112 806 4161 violata
817 4111 906 4170 Sacra,
917 4114 947 4156 et
958 4108 1105 4156 caetitatem
1115 4119 1132 4152 a
1141 4116 1196 4152 mu-

86 4193 253 4260 Propertius.
280 4195 371 4244 ‘Ausa
392 4193 453 4245 Jovi
476 4199 564 4242 nostro
587 4194 623 4241 in·
662 4188 979 4238 iieribuanonaeraatam.
1012 4181 1074 4244 Alii,
1084 4181 1195 4229 moriaae

88 4279 202 4324 trantem
216 4283 349 4336 opponere
365 4267 496 4320 Anubim!
529 4265 621 4332 virgil.
663 4271 753 4330 capnt,
769 4263 985 4327 interpretantur,
1003 4258 1123 4309 annuiaae
1137 4269 1195 4321 pre·
