2817 4792
341 1062 952 1186 PRAEFATIO.

562 1401 741 1426 mum„

97 1625 200 1717 Curi
215 1641 250 1708 in
264 1641 390 1707 Siliano
404 1641 547 1709 carmine
569 1661 648 1709 curo
663 1661 739 1711 meo
752 1642 986 1730 qualicumque
1000 1637 1202 1707 emendando

97 1744 360 1829 illustrandoque
378 1763 536 1824 versarer,
555 1745 629 1830 jam
658 1751 731 1812 tum
755 1744 848 1829 apud
873 1745 1020 1808 animum
1042 1742 1205 1807 constitu·

98 1866 200 1924 eram,
222 1847 253 1910 si
275 1847 474 1912 necessariis
502 1865 637 1928 angerer
661 1848 784 1932 opibus
807 1851 842 1911 et
862 1845 1042 1931 praesidiis,
1064 1843 1204 1908 eandem

98 1947 277 2032 aliqnando
291 1965 426 2032 operam
440 1947 463 2012 J
465 1948 597 2012 uvenoli
611 1950 816 2033 impendere3
845 1969 952 2032 nequo
978 1947 1124 2024 deerant,
1147 1943 1206 2028 qui

98 2054 202 2114 meet
222 2049 397 2132 promissis
420 2056 453 2114 et
479 2051 703 2116 cohortatione
728 2050 773 2114 ad
797 2049 844 2129 id,
868 2050 958 2133 quod
981 2047 1206 2126 intendissem,

99 2149 335 2234 perficiendum
349 2149 542 2216 incitarent:
567 2151 625 2216 sed
648 2173 709 2237 per
730 2137 839 2217 totum
855 2150 937 2215 illud
951 2156 1082 2234 tempus
1096 2150 1207 2232 magis

99 2252 143 2315 de
166 2251 263 2335 sylva
284 2269 392 2316 rernm
414 2253 748 2336 observationemque
762 2252 980 2334 congerenda,
1002 2271 1102 2335 quom
1119 2250 1209 2334 dige-

99 2351 203 2418 rendo
229 2353 390 2420 sollicitus
413 2371 513 2418 eram.
566 2353 632 2418 Illo
656 2353 774 2418 deinde
795 2353 922 2428 labore,
955 2351 1120 2414 ante'hos
1142 2357 1210 2417 tres

102 2471 220 2531 annos
251 2455 433 2532 exantlato,
466 2455 511 2518 ed
538 2472 660 2520 novam
683 2453 768 2518 hanc
797 2452 1007 2535 provinciam
1028 2472 1091 2537 pro
1119 2451 1212 2520 virili

101 2559 197 2638 porte
209 2555 504 2621 administrandam
518 2575 573 2620 me
587 2554 732 2621 accinxi.
778 2551 889 2633 Quam
903 2554 966 2617 etsi
988 2573 1055 2618 non
1080 2555 1211 2637 ignora·

100 2656 182 2720 bam
196 2655 300 2720 multo
313 2656 451 2740 majoris
465 2676 576 2741 operae
591 2675 685 2738 esse3
706 2655 899 2740 nentiquam
917 2659 1026 2720 tomen
1048 2662 1155 2720 mente
1178 2659 1213 2721 et

102 2757 303 2839 cogitatione
324 2775 566 2840 prospexeram
589 2761 714 2822 tantam
735 2756 978 2835 difficultatum,
1003 2763 1073 2822 tam
1101 2763 1213 2822 exter-

102 2874 222 2920 narum
247 2873 349 2940 qnam
370 2858 584 2936 internarum,
614 2857 859 2922 multitudinem
884 2863 983 2942 atque
1007 2859 1213 2938 varietatem,

103 2961 263 3041 quantam
273 2977 308 3022 re
316 2972 395 3022 vera
409 2965 567 3043 expertus
584 2977 669 3024 sum,
702 2958 758 3023 Ad
772 2959 847 3024 illas
857 2959 995 3024 feliciter
1008 2959 1214 3043 superandas

105 3073 194 3141 opus
209 3063 261 3122 est
275 3059 357 3137 vita,
379 3063 448 3122 tum
463 3059 555 3124 dulci
570 3061 649 3139 otio,
672 3065 742 3124 tum
756 3061 871 3124 multis
893 3061 1139 3125 circumfluente
1153 3081 1215 3146 op·

103 3159 375 3242 portunitatibus,
409 3161 529 3244 quibus
552 3179 614 3244 ego
638 3181 738 3246 quam
763 3160 910 3225 maxime
936 3180 1045 3225 careo.
1089 3160 1215 3226 Gravis

105 3260 194 3325 enirn
218 3260 293 3326 haec
320 3260 405 3325 solet
425 3281 501 3326 esse
535 3265 680 3328 muneris
699 3262 890 3328 scholastici
906 3263 1062 3342 conditio,
1084 3267 1133 3340 ut,
1156 3261 1216 3346 qni

104 3363 233 3426 sorite
257 3361 419 3446 perfungi,
456 3369 489 3426 et
514 3363 614 3428 simul
642 3364 802 3428 familiam
827 3361 914 3428 alere
940 3365 1067 3449 cupiat,
1103 3363 1215 3428 multis

104 3465 276 3547 variisque
302 3465 578 3548 occupationibus
605 3465 815 3542 distineatur,
854 3470 888 3528 et
913 3464 1010 3546 longe
1034 3466 1216 3530 maximam

107 3564 175 3628 diei
196 3569 323 3648 partem
348 3565 525 3648 juventuti,
547 3567 680 3651 publice
702 3567 924 3651 privatimque
949 3565 984 3627 in
1012 3565 1131 3628 studiis
1157 3563 1218 3626 hu·

107 3665 277 3730 maditatis
291 3684 333 3730 ac
347 3666 516 3732 literarum
530 3665 731 3745 erudiendae,
753 3665 906 3730 addicere
928 3666 1006 3749 ipso
1019 3665 1216 3731 necessitate

109 3771 260 3847 cogatur.
306 3764 417 3843 Quam
438 3767 482 3830 ob
499 3785 634 3830 causam
649 3785 717 3830 non
730 3769 794 3832 nisi
809 3765 937 3851 aliquid
952 3765 1119 3829 subsecivi
1134 3771 1218 3828 tem·

108 3867 212 3958 poris,
236 3867 441 3949 gravioribus
456 3867 596 3949 negotiis
610 3867 823 3943 subtractum,
846 3867 869 3931 J
871 3865 1004 3929 uvenali
1015 3882 1088 3927 meo
1103 3863 1218 3928 dicare

110 3967 192 4032 mihi
204 3967 315 4031 licuit:
338 3965 428 4046 quod
441 3967 554 4048 ipsum
568 3983 702 4050 quoqne
718 3968 845 4050 saepius
858 3965 1024 4050 pluribuS,
1047 3984 1131 4049 quos
1145 3983 1219 4029 sus·

111 4087 278 4150 ceperam,
299 4065 468 4130 laboribus
489 4075 524 4130 et
538 4069 637 4144 curis,
658 4069 713 4132 vel
728 4066 920 4131 domesticis
934 4067 989 4130 vel
1005 4067 1092 4144 aliie,
1122 4069 1219 4129 inter-

113 4168 311 4254 pellabatur.
354 4165 433 4234 Huc
449 4167 591 4248 accedit,
606 4169 699 4252 quod
712 4167 811 4254 hujus
826 4167 939 4253 poetae
952 4168 1069 4234 editori
1081 4185 1219 4230 necesso
