2817 4792
530 393 583 446 sn
605 393 685 440 aar.
711 393 767 444 rx.
1119 381 1185 446 539

15 533 25 564 ²
58 544 137 620 sit,
153 561 195 608 eo
218 544 281 621 uti,
306 541 342 607 id
357 541 492 627 quidem
514 557 632 626 parum
654 540 829 624 probabile
852 538 1186 629 videtne-boma,

15 691 16 720 ,
55 642 194 728 yatxra
219 642 306 732 ἄνδρα
335 644 453 708 κίναιδον
471 647 527 712 47.
550 644 626 722 ἤθους
652 646 762 729 γλυκὺς
790 641 877 732 ἄνδρα
899 641 1017 708 κίναιδον
1030 645 1087 710 46.
1110 645 1186 721 along

15 772 16 798 ;
58 759 203 829 γλυκεος
214 771 269 830 μην
282 750 370 830 ανδρα
384 749 502 811 sevarios
514 749 569 812 20.
580 747 657 822 ηθους
668 769 768 831 uturp
779 758 890 830 γλυκυν
902 748 987 833 eulpa
999 749 1116 812 κιναιδον
1130 749 1186 813 49.

15 870 16 930 j
60 852 136 914 54.
159 853 213 916 55.
228 851 303 924 arios
323 864 430 935 γλικου
452 852 538 936 eulpa
559 850 677 921 κιναιδος
702 849 756 913 14.
781 851 833 916 17.
861 849 933 923 ardor
953 863 1049 936 γλυκυ
1069 851 1187 914 noardes

15 1005 16 1027 ,
62 953 177 1041 ανδςος
202 954 255 1018 19.
282 977 340 1027 eros
362 965 459 1038 γλυκυ
481 978 529 1015 και
551 978 637 1038 crepa
658 952 775 1026 κιναιδος
790 953 845 1018 21.
867 953 965 1028 ηδοσης
984 963 1081 1037 *sinan
1097 954 1188 1040 ανδςοί

60 1056 206 1118 κυναιδου
220 1057 274 1121 11.
318 1055 416 1121 Alias
430 1057 569 1121 aliorum
582 1073 687 1138 nugas
709 1053 1187 1137 praetermittimus—Sohun-

60 1159 220 1224 fleisobii
233 1166 314 1225 nota
327 1165 379 1224 est
391 1162 487 1225 haec:
511 1164 521 1193 ‘
535 1158 605 1237 Qui
619 1177 663 1222 ex
678 1157 827 1222 Homero
838 1176 905 1222 rem
915 1163 1077 1241 repetunt,
1089 1164 1187 1224 acuto

62 1261 104 1324 ii
121 1261 265 1344 quidem,
281 1261 340 1326 sed
355 1261 378 1326 J
380 1261 528 1326 uvmalis
540 1259 684 1324 nonfuit
700 1263 829 1337 acutus,
844 1259 902 1343 qui
917 1265 984 1324 tum
999 1260 1186 1344 simplicem

64 1369 211 1426 sursum
227 1362 359 1429 Graecis
374 1362 485 1428 verbis
499 1361 628 1428 dixerit.
671 1360 754 1426 Vox
773 1362 858 1446 ἄνδρα
881 1362 917 1426 iu
937 1361 1056 1426 codice
1073 1367 1186 1426 nostro

60 1463 207 1528 literam
235 1464 416 1530 secundem
443 1470 565 1549 puncto
602 1465 814 1528 subnotatam
844 1463 952 1528 habet.
1009 1463 1052 1529 Id
1078 1469 1183 1540 notat,

62 1564 206 1629 literam
221 1564 419 1650 ejiciendam
431 1583 518 1630 esse.
557 1562 649 1642 Quid
660 1564 690 1628 si
704 1583 768 1628 nos
781 1569 943 1650 punctum
957 1565 1038 1630 illud
1053 1565 1186 1630 unicum

66 1666 359 1748 elegantissimam
374 1667 495 1732 doceat
508 1669 716 1751 scripturam,
742 1673 775 1731 et
791 1671 959 1746 monstret,
974 1668 1008 1732 in
1021 1666 1186 1734 Juvenale

68 1768 320 1834 emendandum
334 1788 427 1834 esse:
450 1769 534 1831 αὐτὸν
548 1770 607 1854 γὰρ
621 1765 774 1844 doluerat
786 1769 882 1854 ἄστρα
898 1765 1027 1845 κίναιδον,
1041 1769 1095 1832 vol
1109 1789 1187 1853 pro·

68 1871 160 1954 pius
173 1872 217 1936 ad
229 1879 375 1938 veterem
390 1873 600 1958 scriptum,
622 1873 739 1935 adrisi
755 1870 831 1936 ϊλκει
855 1873 964 1959 γλυκὺν
983 1873 1082 1960 ἄστρα
1097 1872 1187 1939 airar-

73 1975 137 2037 δον.
166 1973 233 2038 Sed
248 1976 340 2059 prior
350 1976 460 2054 lectio,
474 1995 553 2040 euru
566 1975 706 2059 parodia
721 1977 765 2040 sit
777 1972 936 2059 pressior,
952 1973 1049 2060 plane
1064 1977 1185 2060 placet,

71 2080 115 2140 et
142 2077 303 2160 spondere
324 2079 443 2156 ausim,
465 2076 733 2142 italurenalem
763 2077 1013 2162 scripsissent
1042 2075 1187 2144 Naevolo

72 2179 294 2261 persuadeat,
316 2179 482 2244 somonam
505 2181 540 2242 iu
562 2180 713 2263 turpibus
734 2181 834 2242 etiam
850 2180 948 2244 rebus
963 2179 1107 2260 agenesi
1129 2179 1187 2243 de-

74 2279 236 2362 pendere,
259 2289 294 2345 et
315 2281 414 2346 simul
437 2281 522 2346 idem
548 2279 715 2345 <uadentes
741 2279 912 2344 Romanos
934 2279 1091 2346 derideat.
1145 2279 1188 2344 In
1313 2321 1315 2327 -

77 2381 195 2445 Schol.
211 2403 274 2466 pro
287 2382 351 2466 ipse
366 2381 410 2444 ud
421 2403 452 2446 se
465 2380 564 2443 trudit
581 2381 695 2466 possis
718 2381 824 2464 legere
840 2379 938 2466 iprum
954 2391 1072 2444 nstrum
1086 2381 1188 2446 trabit

74 2485 136 2548 vel
151 2493 182 2546 le
195 2483 307 2564 trabit,
322 2493 359 2549 ut
371 2486 497 2567 legerit,
523 2484 558 2546 σὲ
572 2479 631 2568 &alp
643 2483 727 2545 αὐτὸν
750 2479 901 2558 ὶφίλκπαι
922 2483 1020 2568 ἄστρα
1045 2481 1187 2548 nivardus-ff

79 2585 170 2651 Mihi
200 2591 308 2670 aptior
335 2587 537 2670 facetiorque
563 2586 691 2651 videtur
712 2591 824 2650 nostra
849 2586 960 2664 lectio,
989 2605 1049 2651 nee
1078 2587 1186 2669 magis

78 2708 254 2772 assequor,
269 2709 328 2753 cur
340 2687 515 2753 Juvenalis
530 2689 589 2753 illa
601 2687 734 2754 Graecis
759 2689 961 2772 expresserit
973 2689 1095 2766 verbis,
1118 2689 1184 2764 vel,

77 2791 110 2854 si
128 2790 312 2855 Homerica
323 2791 359 2853 in
372 2809 440 2854 rem
454 2809 551 2853 suam
570 2798 758 2854 convertere
772 2790 888 2867 voluit,
903 2789 1022 2873 dequo
1043 2791 1105 2856 vix
1126 2790 1187 2854 du-

77 2893 187 2956 bitare
216 2893 341 2974 possis,
368 2898 437 2956 tam
458 2891 563 2956 multa
583 2892 816 2970 immutaverit,
841 2911 942 2975 quam
967 2911 1026 2956 cur
1051 2899 1186 2956 acutam

80 2993 224 3059 Homeri
239 2996 430 3059 sententiam
444 2994 630 3059 venatione
652 2995 752 3059 unius
766 2995 862 3059 vocis
875 3013 942 3058 uon
955 2993 1067 3077 lepide
1081 3000 1185 3059 trans-

78 3096 198 3161 tulisse
212 3096 394 3161 censendns
408 3098 464 3163 sit.

422 3503 849 3581 EXCURSUS

503 3725 555 3776 AD
570 3724 645 3775 SM.
662 3724 712 3776 lx.
728 3729 769 3776 40.

125 3891 349 3954 Snsruurrr
371 3888 472 3974 hujus
492 3890 559 3955 loci
586 3895 655 3955 est:
693 3885 859 3973 cumputat
883 3889 1033 3959 cinaedus
1055 3911 1186 3970 avarus,

81 4013 158 4078 quae
174 3991 268 4056 dedit
289 3992 371 4055 mihi
389 3992 491 4070 douo,
514 4015 552 4056 uc
576 4002 669 4070 cerer,
689 3997 723 4058 et
744 3998 855 4056 tamen
872 3991 1002 4065 lr‘uidini
1030 3994 1187 4076 indulget,

82 4095 139 4162 cui
168 4095 328 4178 imperare
351 4112 417 4157 non
447 4099 572 4179 potest3
605 4094 671 4172 rel,
700 4093 864 4158 caleulum
886 4099 919 4158 et
947 4094 1091 4160 rationes
1119 4115 1188 4168 me-

81 4209 156 4258 cum
201 4193 367 4274 subducit,
400 4194 480 4260 dum
516 4195 631 4279 explet
670 4193 854 4278 libidinem,
914 4185 1027 4263 cavere
1056 4197 1188 4280 proprie
