2817 4792
406 369 546 432 rasari,
570 369 867 421 artavastus.
1113 353 1181 420 1⁰7

33 533 108 604 qne
124 515 413 594 accommodata,
437 517 483 581 ab
497 517 576 600 ipsa
589 518 728 582 veritate
742 521 912 602 suggesta
925 515 1028 582 menti
1042 517 1177 602 perdtus

33 622 159 686 infixa
172 621 328 698 umens,
351 623 386 684 et
404 637 482 684 eam
494 620 642 686 suaviter
655 618 813 685 afficiens.
858 620 996 686 Horatii
1017 627 1179 705 praterea

33 721 280 808 philosophia
299 727 353 786 est
375 722 434 786 illa
454 722 549 802 vitm,
574 741 652 808 qum
675 721 786 801 docet,
811 721 1007 806 potentiam,
1029 721 1177 800 divitias,

35 831 237 890 externum
253 823 474 909 splendorem,
500 831 535 890 et
549 826 698 908 vulgaria
721 825 891 890 hominnm
905 822 1017 889 studia
1029 829 1178 888 contam-

36 945 126 991 nere
153 946 203 992 ac
226 925 387 1003 deridere,
411 926 459 990 nil
473 925 639 1006 admirari,
662 927 694 992 h.
709 947 739 991 e.
763 924 862 990 valde
875 922 930 991 vel
950 933 1098 991 metuere
1121 925 1179 990 vel

38 1047 195 1114 cupere,
242 1027 513 1112 tranquillitatem
541 1031 670 1106 mentis,
711 1029 814 1092 otium
849 1033 884 1092 et
917 1029 1178 1094 mediocritatm

40 1131 698 1209 securamhominis,ncnina1da,sad
719 1132 756 1195 in
776 1130 1028 1195 recessulibere
1045 1149 1088 1195 ao
1110 1131 1178 1196 siti
1234 1179 1240 1190 .

40 1235 221 1311 viveritis,
236 1253 438 1300 summum
451 1235 613 1298 bonorum
630 1235 705 1300 loco
719 1239 850 1318 putare,
863 1234 964 1297 rebus
978 1233 1062 1310 suis,
1076 1232 1177 1298 etiam

41 1337 212 1420 exiguis,
234 1339 426 1400 contentum
450 1353 536 1414 esse,
576 1335 798 1420 praesentibus
826 1335 905 1398 late
925 1332 1002 1411 frui,
1032 1350 1100 1398 non
1120 1351 1178 1400 so-

40 1437 193 1502 licitrnn
216 1435 259 1500 dc
272 1437 402 1515 tuturis,
416 1437 471 1502 vel
485 1439 632 1502 externis
645 1437 830 1504 obncmnm
844 1455 932 1514 ene,
943 1455 1054 1521 neme
1066 1443 1176 1516 exus,

44 1539 110 1604 sad
141 1538 1027 1625 intrasavenmqnoerevetffifflmdortunam
1057 1537 1233 1604 allec·

43 1648 177 1726 potare
189 1644 225 1704 et
238 1660 262 1704 a
272 1657 313 1705 aa
322 1639 402 1724 ipso
416 1659 545 1706 sunere
559 1639 760 1724 sapientiam
773 1641 943 1725 animique
954 1642 1162 1724 aequitatem.

96 1739 293 1820 Horatius,
309 1749 347 1807 nt
360 1743 503 1808 lectores
524 1747 557 1806 et
578 1743 716 1806 suavius
727 1741 871 1809 alliceret
890 1749 925 1808 et
937 1741 1176 1822 vehementius,

45 1845 176 1910 multis
201 1845 312 1910 satiris
334 1845 388 1909 vel
408 1845 626 1928 epistolarum
655 1846 711 1910 vel
734 1845 909 1911 dramatici
930 1845 1087 1932 carminis
1110 1845 1177 1910 tor·

48 1965 152 2012 marn
174 1945 294 2010 induit.
348 1943 534 2030 Utramque
562 1948 723 2012 radonem
752 1951 860 2013 secuti
880 1955 957 2014 sunt
985 1947 1122 2011 Persius
1143 1951 1177 2010 et

47 2050 248 2116 Iuvenalis.
293 2049 371 2129 Sed,
383 2057 422 2116 ut
435 2057 578 2130 meeum,
589 2053 632 2116 ab
646 2051 700 2116 his
714 2071 815 2116 uuam
828 2057 957 2116 tantum
971 2051 1175 2136 alteramque

51 2154 261 2218 seutentiam
283 2158 318 2218 et
340 2154 521 2237 argumenti
536 2159 675 2236 partem,
690 2171 860 2237 nunquam
873 2171 954 2218 vem
974 2151 1056 2217 illud
1069 2157 1177 2218 totum

51 2257 90 2320 in
116 2256 239 2320 drama
271 2261 306 2320 et
333 2257 496 2321 actionem
521 2257 679 2335 converti,
711 2255 819 2322 Persii
848 2255 1001 2338 dialogus
1031 2253 1176 2339 politicae

53 2357 269 2424 similiorest
289 2357 417 2442 figuroe,
432 2377 544 2442 quam,
559 2365 599 2424 ut
621 2357 842 2435 Horatianus,
857 2355 981 2420 vividae
1001 2374 1111 2419 rerum
1124 2373 1177 2419 re·

52 2459 322 2544 praesentationi,
350 2477 428 2544 qum
456 2477 586 2542 magna
614 2458 850 2524 sententiarum
873 2456 1045 2535 varietata,
1068 2455 1177 2538 gratia

53 2580 96 2624 ac
112 2560 275 2638 novitate,
290 2560 463 2641 ingenioso
477 2577 697 2643 personarum
711 2558 853 2638 delectu,
867 2565 902 2622 et
921 2556 1045 2642 insigni
1059 2576 1174 2623 earnm

54 2659 233 2744 cogitandi
255 2656 477 2744 loquendique
499 2661 714 2744 proprietate,
737 2659 879 2725 mirifice
897 2660 1070 2726 delectat.⁹
1112 2657 1176 2726 Ju-

53 2761 190 2826 venalis
221 2762 348 2846 smptus
377 2759 530 2826 docentis
552 2766 612 2826 aut
640 2761 859 2827 declamantis
889 2767 1001 2846 pertas
1026 2761 1175 2836 sustinet

55 2881 162 2947 quam
184 2864 270 2928 alios
294 2863 522 2948 colloquentes
536 2863 683 2930 inducit:
705 2865 806 2950 hujus
827 2872 939 2930 mmen
959 2863 1041 2928 artis
1063 2861 1175 2928 liora·

56 2967 160 3031 tianae
184 2965 348 3030 desectum
369 2971 565 3050 compensat
584 2966 708 3032 vividis
729 2986 838 3032 rerum
860 2964 1077 3048 imaginibus,
1100 2983 1175 3028 san·

53 3067 235 3152 tcuttarum
252 3067 388 3132 veritate
411 3073 443 3132 et
463 3067 638 3151 gravitate,
667 3068 890 3152 dictionisque
914 3067 1171 3152 proprietate.-

35 3167 115 3245 ,Ab
131 3167 253 3234 iisdem
268 3167 391 3252 potitis,
407 3167 468 3234 sed
488 3188 510 3233 a
532 3169 653 3236 Persio
667 3175 700 3236 et
720 3169 744 3235 J
745 3171 885 3234 uvenale
908 3170 1047 3254 sepius,
1067 3189 1173 3252 quam

57 3269 103 3334 ab
119 3268 279 3347 Horatio,
290 3270 405 3336 induci
416 3271 523 3336 solent
536 3270 730 3349 adversarii,
743 3291 786 3335 ua
800 3269 880 3336 licto
892 3271 1027 3358 quidem
1039 3271 1175 3336 nomine

57 3371 217 3454 insigniti.
273 3370 363 3450 Quae
387 3393 441 3436 ars
461 3393 526 3438 uon
549 3377 611 3450 est,
634 3373 725 3458 quod
750 3371 849 3438 nobis
873 3372 1071 3458 displiceat:
1094 3391 1174 3438 nam

57 3473 227 3557 pulchrior
249 3478 300 3538 est
324 3475 436 3554 imago
461 3477 494 3538 et
517 3473 697 3551 efficacior,
720 3491 798 3559 qum
821 3475 978 3558 personis
1000 3475 1172 3540 animumn

58 3575 239 3640 Enimvero
254 3575 361 3640 multa
374 3583 551 3642 occurrunt
565 3577 652 3655 loca,
668 3578 703 3640 in
726 3577 852 3662 quibus
873 3596 942 3642 uon
963 3577 1046 3641 satis
1067 3575 1175 3639 mani·

59 3678 161 3742 festus
176 3683 230 3743 cst
252 3676 418 3760 dialogus,
433 3681 466 3742 et
486 3679 520 3742 in
543 3678 647 3743 dubio
659 3679 815 3763 positum,
830 3684 942 3744 utrum
963 3678 1077 3752 verba,
1092 3693 1172 3758 qum

59 3779 219 3862 lagunas,
229 3777 298 3843 siut
309 3777 493 3844 adversarii
505 3779 631 3864 aliquid
646 3781 909 3864 apponentium
918 3777 1031 3863 pc'dtae
1045 3776 1172 3840 ironice

61 3878 390 3966 loquentia-Quod
412 3879 456 3946 ad
478 3881 641 3966 epistolas
663 3881 791 3959 attinet,
805 3881 1005 3945 Horatiana
1026 3876 1174 3943 maxime

566 4069 671 4120 ΝΟΜ

268 4199 286 4245 a
302 4195 336 4245 V.
348 4196 466 4250 witland
484 4201 518 4251 nd
536 4197 629 4251 itcrat.
640 4197 697 4249 Sat.
708 4209 742 4248 u.
751 4198 814 4248 Μ.
828 4198 855 4245 t.
865 4199 894 4244 ct
904 4199 930 4244 i.
