2817 4792
683 356 890 411 PBBPA'HO.
929 382 932 387 ·

233 521 287 583 est
300 515 344 581 ad
355 533 486 580 manum
500 529 573 576 esse
587 516 656 576 tum
674 511 811 575 codices
825 509 898 594 ejus
909 509 1051 593 scriptos
1065 514 1099 575 et
1111 507 1229 588 editos,
1251 526 1329 594 quo·
1384 508 1385 549 l

231 637 305 684 rum
318 637 455 700 magnus
469 622 521 681 est
534 634 700 691 numerus,
723 619 793 678 tum
817 615 961 696 optimas
986 619 1165 678 ceterorum
1188 615 1329 698 antiqui·

231 722 297 786 oris
323 721 390 785 aevi
426 711 595 784 ductorum
621 716 794 792 editiones,
829 716 1015 798 multosque
1044 715 1128 778 alios
1161 715 1266 780 libros
1298 719 1329 780 et

229 822 494 897 commentarios,
518 820 638 901 quibus
664 823 697 881 et
718 817 868 881 recensio
881 822 915 882 et
933 820 1157 901 interpretatio
1169 817 1260 890 illius
1273 817 1328 882 ad·
1384 822 1386 941 l

224 923 338 1008 juvari
362 928 471 1006 queat.
517 919 630 1002 Hujus
654 938 735 983 vero
760 919 976 1002 supellectilis
999 921 1158 996 librariae,
1190 939 1268 1001 qnae
1296 925 1328 984 et
1384 944 1385 949 ¹

227 1031 320 1089 tonte
334 1031 396 1102 est,
419 1021 544 1088 etmihi
558 1018 702 1104 quidem,
725 1023 781 1104 qui
799 1021 842 1083 ab
857 1021 946 1084 omni
961 1026 1030 1084 tum
1055 1021 1201 1103 publicae
1228 1039 1327 1103 quum

226 1126 367 1210 privutae
383 1123 605 1208 bibliothecae,
628 1121 736 1204 copiis
757 1122 912 1185 literariis
930 1123 1111 1199 instructae,
1133 1141 1199 1184 usu
1214 1121 1327 1185 exclu-

227 1247 285 1292 sus
300 1247 385 1304 sum,
408 1245 505 1311 poene
519 1225 625 1289 omnis
640 1223 771 1287 aliunde
789 1224 975 1305 colligenda
994 1224 1069 1301 fuit,
1092 1225 1143 1289 vel
1158 1225 1326 1287 minimum

225 1335 352 1414 partem
378 1330 568 1409 conquirere
591 1344 692 1408 quum
715 1323 850 1387 difficile
874 1326 984 1404 fuerit,
1011 1325 1110 1389 facile
1128 1326 1325 1408 intelligitur.

225 1429 368 1494 Illustris
386 1428 518 1511 quidem
534 1427 689 1504 Bevus,
712 1441 790 1509 quse
820 1443 977 1509 generosa
999 1427 1074 1510 ejus
1098 1427 1327 1492 benevolentia

224 1535 286 1609 est,
308 1529 389 1594 mihi
404 1528 502 1591 etiarn
515 1529 601 1592 ultro
615 1527 785 1604 librorum,
808 1529 928 1610 quibus
943 1546 1098 1604 carerem,
1122 1547 1217 1592 usum
1231 1530 1325 1592 obtu-

223 1633 272 1702 lit.
318 1627 387 1694 Sed
416 1645 546 1692 omnem
571 1647 678 1692 meam
706 1647 843 1712 operam
862 1628 1039 1694 lectoribus
1061 1620 1169 1693 minus
1193 1629 1325 1712 probari

222 1733 332 1815 iisque
347 1723 604 1812 haudquaquam
625 1729 819 1792 satisfecere
833 1729 945 1809 malui,
968 1749 1079 1815 quum,
1102 1732 1235 1814 quoties
1251 1730 1324 1796 Viri

223 1833 364 1908 Summi,
387 1836 435 1896 tot
451 1836 584 1914 temque
600 1833 757 1912 gravibus
772 1834 911 1914 negotiis
934 1832 1088 1911 districti,
1111 1851 1176 1916 ope
1198 1833 1323 1915 indige

220 1955 301 2011 rem,
332 1951 406 1996 eam
430 1932 619 2014 implorare.
665 1931 768 2010 Quod
790 1939 901 1998 temen
924 1935 968 1998 ad
993 1933 1127 1998 codices
1148 1933 1322 2000 luvenalis

219 2043 291 2100 tum
304 2053 404 2098 mauu
418 2033 562 2116 scriptos
576 2037 644 2096 tum
659 2031 766 2097 editos
781 2035 908 2113 attinet,
931 2035 1031 2117 plane
1048 2035 1202 2118 indignus
1217 2035 1321 2101 forem
1384 2070 1385 2123 5

218 2134 448 2200 benevolentia
487 2133 772 2211 cclebcrrimorum
812 2136 1199 2220 humanissimumque,
1237 2157 1320 2222 quos

105 2289 108 2296 .
219 2243 303 2302 aetas
318 2241 432 2302 nostre
445 2234 531 2313 tulit,
554 2236 710 2315 virorum,
732 2238 795 2300 nisi
816 2226 1003 2321 gratissimo
1017 2239 1186 2322 profiterer
1198 2241 1318 2323 animo,
1384 2280 1385 2287 .

216 2359 270 2402 me
284 2345 408 2405 tantum
420 2339 552 2404 illorum
568 2339 700 2422 copiam
716 2340 749 2402 ei
769 2344 942 2422 acceptum
956 2341 1085 2417 referre,
1107 2345 1144 2404 ut
1157 2340 1317 2406 decimam

216 2443 424 2522 vix-partem
448 2442 603 2522 cuiquam
629 2442 810 2524 contigisse
836 2441 1040 2518 crediderim,
1063 2442 1120 2524 qui
1140 2444 1318 2506 accesserit
1384 2452 1385 2457 ’

217 2540 260 2604 ud
276 2539 409 2622 poe'tum
423 2545 569 2602 nostrum
580 2539 755 2604 edendum.
800 2539 899 2604 Misit
922 2542 965 2605 ed
988 2561 1042 2604 me
1063 2543 1206 2606 Huuun
1227 2545 1317 2609 codi-

215 2661 287 2706 cem
303 2637 541 2724 Kulenlramp„
563 2637 830 2706 Schurzfleischii
856 2643 1005 2725 spicileg.
1029 2645 1266 2710 animadverss
1285 2647 1316 2708 in
1384 2648 1385 2711 l

213 2740 367 2806 Juvenal.
392 2746 425 2804 ct
446 2739 538 2806 editt.
567 2737 712 2804 Aldines
737 2747 814 2819 tres,
847 2740 946 2806 Rom.
976 2764 1039 2825 pr„
1073 2741 1192 2807 Venet.
1219 2745 1315 2810 1475.

213 2841 310 2906 1478.
340 2841 553 2906 14881486.
579 2841 676 2904 1487.
704 2842 801 2906 1492.
826 2841 926 2908 1494.
950 2843 1049 2908 1501.
1068 2845 1165 2908 1515.
1181 2843 1314 2910 Vicent.

213 2943 310 3006 1480.
334 2941 430 3005 Brix.
458 2938 557 3004 1486.
587 2939 797 3022 Norimberg.
823 2944 921 3009 1497.
951 2941 1059 3026 Lugd.
1087 2945 1185 3010 1507.
1215 2947 1315 3011 1560.

211 3043 308 3106 1504.
333 3041 566 3106 Paris1528.
591 3041 686 3104 1535.
711 3039 1034 3110 154415451616.
1061 3043 1313 3121 Crucov.1529.

211 3142 371 3227 Anti-erp.
387 3142 483 3206 1565.
507 3139 668 3208 Hirtus
684 3143 799 3208 variet.
816 3145 891 3208 cod.
907 3152 941 3210 et
958 3145 1090 3228 Frugm.
1104 3146 1235 3232 Erlang.
1254 3149 1312 3215 Du

211 3243 355 3309 Hunnu
382 3237 442 3327 (ex
473 3237 629 3308 Biblioth.
659 3243 824 3309 Sereniss.
851 3245 959 3311 Ducis
989 3243 1208 3332 oldenburg.)
1230 3251 1312 3317 edit.

211 3345 318 3428 Lugd.
333 3343 431 3409 1501.
457 3350 490 3409 et
512 3344 607 3411 Brix.
623 3348 721 3412 1501.
765 3347 1008 3415 Norrruncnc
1024 3357 1157 3416 auctore
1172 3351 1311 3424 Koeurc

208 3465 294 3510 varr.
318 3444 392 3510 lect.
416 3440 490 3508 cod.
514 3445 678 3512 Schwarz.
702 3453 735 3511 et
756 3448 847 3513 editt.
867 3447 952 3513 Ven.
975 3451 1073 3516 1491.
1094 3453 1190 3520 1512.
1214 3455 1311 3522 Brix.

208 3547 305 3612 1501.
323 3547 416 3629 Lips.
437 3545 533 3610 1504.
550 3543 672 3632 Argen.
687 3547 784 3615 1527.
809 3549 969 3615 Lsucnu
990 3553 1087 3617 codd.
1103 3553 1309 3642 Guelferbyt.

207 3655 357 3732 quatuor,
403 3644 537 3714 Ducnu
563 3669 650 3715 verr.
679 3651 770 3715 lectt.
800 3649 939 3716 duorum
966 3654 1062 3717 codd.
1098 3655 1307 3724 Schiiuborn.

208 3746 498 3816 Vnssuuunrnu
525 3752 674 3816 varietat.
697 3751 772 3844 cod.
788 3748 969 3831 Ulmensis,
992 3751 1163 3820 Gnrsnnu
1178 3763 1211 3822 et
1225 3760 1309 3823 Due·
1384 3820 1385 3837 ἢ

208 3863 300 3910 mro
324 3852 422 3918 cour.
445 3853 528 3918 duos
554 3852 728 3917 corraeos
747 3859 781 3917 et
814 3852 981 3918 mamert
1013 3856 1120 3922 Lecti.
1151 3857 1306 3925 Juvenal.
1384 3844 1385 3935 l

206 3949 312 4012 Bncs
336 3959 368 4014 et
389 3953 555 4019 Kuruur.
578 3953 651 4018 cod.
677 3955 771 4039 LipS.
796 3960 830 4019 et
852 3955 944 4021 editt.
967 3956 1062 4040 Lips
1094 3959 1191 4024 1497.
1207 3962 1305 4028 1507.
1384 3946 1385 4003 l

205 4047 291 4113 Ven.
316 4049 412 4116 1408.
447 4055 582 4136 Argent.
605 4056 702 4122 1518.
730 4055 944 4140 Heidelberg.
975 4060 1071 4123 1590.
1116 4060 1304 4124 chuusu-

205 4165 315 4216 srmu
341 4157 374 4218 ct
399 4151 705 4224 Fuuunnurrrurr.
729 4159 818 4224 lectt.
843 4161 918 4226 cod.
945 4159 1131 4246 Hamburg.
1158 4168 1191 4228 ct
1212 4162 1303 4228 editt
