2817 4792
535 407 742 460 rrarnrro.
1168 390 1193 460 9

76 555 276 642 paeniteret,
304 557 402 637 atque
431 551 485 630 iis,
513 555 571 637 qui
603 557 767 637 longiores
795 551 1041 638 disputationes
1073 551 1116 620 dc
1141 561 1192 622 tot

77 659 268 741 exquisitis
284 655 415 720 dicendi
429 655 590 732 formulis,
600 658 765 739 rebusque
775 657 954 732 historicis,
969 657 1137 739 mythicis,
1148 676 1190 722 ac

79 760 330 842 geographicis,
344 758 455 821 ubiuis
476 759 509 822 in
524 758 716 828 doctissimo
731 757 830 842 poeta
843 760 965 834 obviis,
980 760 1191 841 requirerent,

79 860 224 945 (quales
235 863 361 944 passim
370 858 607 942 inveniuntur,)
620 879 683 923 non
694 859 830 924 laterent
843 862 1022 937 uberiores,
1033 861 1118 940 unde
1131 879 1191 928 aas

82 967 248 1043 peterent,
263 961 381 1036 sontes,
396 965 430 1023 et
445 959 577 1043 quidem
599 961 749 1043 plerique
772 961 826 1024 vel
851 963 936 1025 adeo
957 981 1083 1040 omnes,
1099 969 1145 1040 ut,
1161 965 1191 1028 si

81 1061 177 1125 bunc
191 1063 245 1126 rel
260 1063 352 1125 illum
364 1061 453 1124 adire
467 1081 531 1124 non
546 1069 693 1144 possent,
705 1060 799 1145 (quae
811 1063 913 1127 tristis
927 1065 1103 1127 multorum
1117 1081 1192 1128 sors

82 1165 169 1248 est,)
184 1163 227 1227 ad
241 1163 324 1228 alios
340 1163 560 1244 confugerent.
607 1164 760 1245 Denique
777 1164 821 1228 iis
833 1164 946 1242 etiam,
962 1167 1018 1247 qni
1034 1165 1113 1228 talia
1124 1181 1192 1229 non

83 1270 289 1345 desiderant,
302 1289 342 1332 eo
353 1270 526 1352 prospexi,
539 1268 627 1350 quod
639 1269 696 1331 illa
705 1268 815 1350 redegi
829 1269 863 1331 in
877 1267 1018 1332 formam
1031 1274 1192 1345 notarum,

84 1389 176 1453 quas
189 1372 356 1452 praeterire
370 1375 522 1454 possunt.

133 1471 314 1555 Praecipua
327 1493 458 1556 quoque
473 1489 555 1537 cura
567 1473 648 1536 mihi
662 1473 724 1538 suit
737 1473 822 1549 baec,
845 1475 961 1537 utnon
974 1471 1076 1536 modo
1089 1468 1194 1536 editio

83 1593 164 1638 mea
189 1575 382 1658 juvenibus,
405 1577 566 1640 bonamm
588 1576 755 1640 literarum
780 1575 953 1652 studiosis,
977 1576 1098 1658 quibus
1118 1594 1193 1638 eam

84 1677 302 1759 potissimum
331 1675 510 1753 destinavi,
535 1679 623 1759 pluS,
654 1699 754 1762 quam
782 1679 851 1742 ulla
879 1679 957 1754 alia,
986 1676 1030 1740 ad
1059 1673 1193 1759 po'e‘tam

84 1776 262 1859 legendum
286 1777 594 1862 intelligendumque
617 1779 799 1866 proficeret,
812 1798 873 1843 nec
898 1779 1077 1862 quicquam
1098 1778 1133 1840 in
1153 1795 1195 1841 ea

86 1879 301 1954 omitteremr,
324 1880 414 1962 quod
438 1901 569 1944 crucem
596 1882 637 1944 iis
660 1881 758 1962 figere
782 1887 914 1965 posset;
945 1881 1004 1943 sed
1026 1881 1193 1944 doctiores

88 1981 204 2057 etiam,
231 1981 265 2044 in
291 1983 377 2046 locis
405 1989 492 2046 certe
518 1982 777 2059 obscurioribus,
800 1982 893 2045 illam
915 1981 1104 2065 inspexisse
1126 1997 1194 2045 non
1283 2061 1287 2066 ι

88 2101 226 2165 prorsus
240 2083 377 2166 pigeret,
394 2085 499 2167 iisque
515 2083 543 2146 si
557 2099 625 2146 non
638 2083 802 2164 ingenium
817 2087 1007 2162 rectumque
1015 2081 1193 2163 judicium,

90 2184 210 2248 saltem
224 2183 370 2248 studium
383 2184 571 2266 probarem,
590 2184 749 2248 varietate
761 2183 913 2246 lectionis
927 2203 947 2246 e
960 2188 1009 2246 tot
1022 2181 1194 2246 codicibus

88 2293 259 2368 excerpta.
304 2285 447 2352 Duobus
459 2287 570 2368 itaque
587 2285 909 2350 animadversionum
923 2285 1098 2365 generibus
1108 2284 1194 2346 banc

89 2389 266 2454 editionem
289 2388 512 2453 instnrendam
528 2389 675 2471 ,putavi3
707 2406 846 2470 quomm
869 2386 1008 2449 altemm
1032 2385 1221 2468 spectaret

90 2490 134 2556 ad
158 2509 271 2556 veram
284 2489 460 2555 luvenalis
486 2491 659 2555 lectionem
683 2486 957 2569 investigandam,
982 2486 1068 2571 (quo
1093 2485 1194 2550 etiam

91 2589 251 2656 Erramus
281 2592 452 2676 pertinent,
483 2593 516 2654 in
544 2609 629 2673 quos
656 2589 855 2674 prolixiores
880 2586 988 2654 critici
1013 2586 1193 2668 argumenti

90 2697 337 2760 observationes
350 2691 479 2778 rejeci,)
503 2693 643 2757 alterum
665 2711 743 2755 vero
766 2689 810 2754 ad
832 2709 941 2754 rerum
955 2691 1195 2771 verborumque

91 2796 301 2863 difficultates
315 2795 543 2860 removendas.
589 2793 719 2856 Etenim
732 2811 841 2874 neque
861 2809 974 2854 eornm
997 2790 1082 2853 ratio
1103 2788 1196 2852 insti·

90 2903 260 2982 tutumque
279 2896 482 2984 probandum
497 2895 638 2971 videtur,
654 2895 711 2977 qui
725 2893 870 2956 nonnisi
890 2893 924 2954 in
942 2895 1037 2954 textu
1049 2887 1195 2954 auctoris

91 3001 234 3084 alicujus
249 2998 442 3082 corrigendo
455 2999 618 3073 laborant,
635 2995 783 3077 satisque
802 2995 923 3059 babent
939 2993 1107 3057 variarum
1129 2991 1196 3056 lec·

91 3105 218 3169 tionum
240 3103 435 3184 farraginem
460 3099 607 3183 undique
636 3098 672 3160 in
696 3117 798 3160 unum
827 3095 1035 3176 congessisse
1060 3093 1194 3172 locum3

91 3225 197 3289 neque
220 3223 345 3282 eorum,
366 3205 421 3286 qni
447 3221 498 3266 res
521 3207 649 3266 tantum
671 3208 704 3264 ct
725 3201 827 3264 rerba
849 3197 1021 3281 scriptoris
1034 3197 1196 3260 illustrare

93 3308 276 3372 instituunt.
347 3305 436 3368 Illud
475 3323 536 3386 por
574 3321 610 3366 se
647 3300 784 3384 quidem
811 3300 934 3364 bonum
964 3304 997 3361 et
1024 3296 1106 3360 utile
1131 3298 1195 3373 est,
1241 3340 1246 3350 .

93 3427 153 3472 nec
175 3413 284 3472 tamen
309 3403 429 3469 sufficit
451 3404 495 3468 ad
519 3403 641 3468 librum
667 3421 741 3466 cum
769 3401 881 3463 fructu
906 3397 1102 3480 legendum3
1131 3395 1197 3458 boc

95 3513 214 3586 autern,
242 3507 306 3570 nisi
331 3507 509 3588 legitimam
538 3505 639 3568 crisin
667 3501 837 3578 adhibeas,
869 3501 1000 3583 quade
1028 3518 1107 3564 vera
1132 3497 1198 3560 lec·

93 3611 181 3674 tione
204 3612 343 3684 constet,
372 3607 557 3690 saepissime
590 3621 710 3687 pamm
746 3602 921 3687 procedit:
964 3621 1043 3664 nam
1078 3600 1198 3662 trustra

95 3709 298 3792 interpretari
330 3707 504 3772 conaberis
534 3709 619 3783 ante,
643 3723 744 3788 qnam
774 3707 931 3787 corrupta
960 3698 1196 3766 emendaveris.

45 3867 57 3896 ,
97 3809 213 3894 Neque
234 3829 314 3875 vcro
335 3808 461 3872 criticae
491 3811 580 3871 notas
614 3807 657 3870 ab
685 3805 750 3868 bac
782 3803 925 3894 editione
957 3803 1074 3867 atienae
1095 3818 1197 3882 prop-

41 3957 44 3962 ·
96 3916 181 3976 terea
207 3909 388 3988 censendae⁴
410 3915 498 3986 sunt,
521 3905 610 3990 quod
636 3907 802 3990 juventuti
832 3925 875 3971 ea
904 3905 941 3970 in
969 3901 1086 3985 primis
1116 3919 1197 3965 con·

97 4013 216 4078 auitum
249 4011 352 4076 volui.
419 4009 510 4074 Nam
540 4009 597 4080 ad,
613 4006 810 4074 Juvenalem
841 4025 919 4068 cnm
949 4004 1199 4084 fructu-legen·

97 4113 172 4184 dum
200 4112 226 4178 ii
259 4113 390 4178 demum
422 4111 648 4186 admittuntur,
681 4109 741 4191 qui
773 4111 916 4169 mentem
945 4107 1018 4190 jam
1045 4105 1195 4187 aliquan·

99 4216 167 4284 uu
205 4214 377 4282 literarum
416 4211 627 4298 antiquonum
659 4206 779 4276 studiis
814 4205 1001 4286 excoluere,
1046 4205 1197 4289 adeoque
