2817 4792
691 373 893 426 BXCUREUS

577 941 1008 1023 EXCURSUS

635 1153 688 1204 Au
704 1151 779 1204 SA'l'.
796 1153 845 1204 IV.
861 1157 944 1212 24²⁷.

283 1347 520 1419 Munianus.
531 1352 566 1417 in
581 1349 688 1436 Epist.
704 1347 786 1415 erit.
802 1369 838 1435 p.
853 1351 929 1416 152.
943 1349 1151 1414 hunclocnm
1164 1350 1220 1416 sic
1236 1349 1357 1416 distin-

237 1456 310 1542 guit
323 1460 357 1520 el
370 1455 540 1521 emendat:
580 1451 689 1516 Multo
710 1449 857 1530 videmia,
882 1449 961 1520 Qua
983 1449 1088 1532 mirer,
1112 1461 1142 1516 et
1157 1450 1273 1540 frugi
1297 1473 1358 1516 nor

225 1556 314 1643 sccii
328 1555 479 1639 Apicius:
510 1554 571 1620 luc
597 1563 632 1619 tu
654 1551 835 1619 Succinctus
850 1552 978 1618 Phario
1003 1551 1171 1640 quondum,
1189 1553 1355 1640 Crispina,

235 1655 383 1746 papyro?
407 1655 479 1723 Hoc
490 1657 626 1743 prelium
641 1653 800 1744 squama?
821 1653 958 1743 adjecit
971 1655 1035 1722 has
1048 1657 1221 1723 radonesz
1247 1663 1261 1691 ‘
1272 1659 1355 1724 Vox

239 1757 364 1824 Pluuio
378 1761 539 1826 valentior
553 1762 681 1826 videtin
694 1761 739 1825 ad
753 1760 966 1826 excitandam
986 1759 1149 1824 invidiam
1169 1765 1209 1824 et
1234 1761 1353 1826 odium

238 1863 396 1930 adversus
422 1859 623 1947 Crispinum,
649 1867 765 1948 utpote
791 1863 1000 1948 AEgyptium,
1030 1879 1134 1944 quam
1155 1859 1219 1925 illa
1245 1864 1352 1928 altera

232 1963 364 2051 putriu3
386 1971 431 2044 et,
443 1964 534 2048 quod
546 1983 709 2030 summum
722 1970 784 2043 est,
798 1965 828 2028 ai
837 1961 949 2049 putria
962 1962 1117 2041 retineas,
1131 1980 1202 2026 non
1223 1965 1351 2028 exinde

238 2067 394 2148 colligere
405 2071 516 2150 potes,
531 2069 627 2153 cujus
638 2066 783 2149 regionis
792 2065 892 2130 fuerit
905 2062 1099 2148 Crispinus:
1130 2062 1245 2148 putria
1263 2068 1351 2131 euim

230 2183 373 2255 papyrus
397 2187 466 2233 non
489 2169 679 2232 necessario
705 2164 892 2257 AEgpplium
913 2185 1070 2249 papyrum
1095 2164 1250 2245 denotat,
1267 2189 1351 2253 quo

236 2271 325 2335 nium
348 2271 382 2335 in
408 2269 486 2334 aliis
510 2268 611 2333 otiam
633 2267 827 2350 regionibns
843 2269 1042 2332 nascebatur
1060 2268 1233 2352 papyrus.¹
1283 2270 1348 2336 Sed

238 2379 352 2439 contra
366 2391 442 2436 eum
457 2369 530 2457 jam
545 2371 593 2436 ita
608 2369 794 2454 disputarit
808 2369 973 2434 Schrader
986 2369 1023 2432 in
1033 2367 1223 2435 observati.
1241 2392 1282 2456 p.
1296 2373 1348 2438 19.

236 2478 248 2510 ‘
264 2475 417 2559 Papyrus
432 2472 592 2557 AEgyplia
605 2469 691 2538 adeo
713 2470 836 2535 nobilis
850 2467 931 2550 eral,
942 2477 979 2536 ut
997 2459 1101 2535 Nilus
1114 2472 1225 2536 amnis
1239 2493 1348 2559 papy-

234 2575 312 2640 riier
326 2573 556 2659 appellaretur,
572 2580 605 2638 et
621 2572 762 2638 Niliaca
774 2591 926 2658 papyrus
937 2571 981 2638 ab
995 2573 1148 2639 omuibus
1163 2575 1346 2641 celebrare·

236 2681 307 2746 tur:
340 2695 375 2742 r.
401 2673 574 2740 Muncker.
598 2675 642 2740 ad
668 2673 814 2760 Fulgeut.
831 2691 857 2740 1.
880 2695 917 2759 p.
932 2675 986 2742 19.
1041 2671 1224 2739 Succinctus
1247 2678 1347 2762 igitur

231 2777 343 2862 putria
361 2797 485 2864 papyro
499 2782 594 2842 notat
604 2782 637 2841 et
650 2775 803 2859 designat
814 2775 1021 2860 AEgyptium.
1065 2775 1133 2841 Sed
1146 2783 1268 2844 contra
1281 2799 1345 2844 suc-

236 2880 352 2945 cinctus
370 2876 495 2942 Picaria
515 2897 638 2966 papyro
662 2897 731 2943 non
748 2879 940 2944 necessario
955 2877 1119 2961 significat
1133 2879 1344 2963 AEgyptium,

235 2984 396 3067 quoniam
410 2982 459 3046 sic
474 2981 621 3064 succingi
634 2985 764 3064 poterat
778 2979 972 3062 alienigena.
1017 2978 1147 3044 Deinde
1167 2983 1345 3046 constabat

234 3083 316 3149 iuter
342 3101 466 3158 ornnes,
491 3079 680 3166 Crispinum
704 3102 781 3146 esse
804 3080 1022 3167 AEgyptinm:
1055 3080 1244 3146 sufficiebat
1266 3103 1343 3168 ergo

230 3181 353 3272 patrio.
398 3182 553 3268 Denique
577 3189 721 3268 receptae
743 3183 878 3248 lectioni
899 3183 1126 3247 firmissimum
1144 3184 1342 3267 praesidium

234 3291 286 3353 est
308 3287 343 3352 in
364 3304 415 3352 rs.
438 3285 492 3352 32.
506 3285 565 3351 ubi
584 3285 683 3372 poiita
702 3284 853 3350 similiter
875 3283 996 3348 siluros
1011 3281 1159 3369 Crispini
1173 3284 1343 3370 municipes

235 3393 345 3456 vocat.
390 3386 442 3452 Cf.
458 3387 600 3452 Salmas.
617 3386 661 3452 ad
674 3386 778 3453 Solia.
792 3406 827 3470 p.
841 3384 929 3453 939!

278 3487 342 3555 Vs.
364 3489 417 3554 25.
483 3486 554 3554 Hoc
574 3489 679 3573 prelio
702 3509 837 3574 spicoma
859 3487 909 3573 (h.
931 3507 962 3552 a.
986 3492 1081 3553 tauto
1104 3489 1212 3572 pretio
1236 3491 1341 3574 piscis

233 3591 306 3658 scil.
332 3610 355 3657 a
379 3595 411 3656 te
435 3591 556 3656 emitur
583 3591 638 3655 vel
665 3595 772 3654 emtus
800 3595 862 3668 est,
899 3587 988 3672 quod
1015 3590 1152 3654 verbum
1178 3609 1262 3655 mox
1292 3611 1340 3656 se·

233 3691 361 3781 quitur)
387 3695 419 3760 l.
434 3693 548 3760 61-63.
563 3691 677 3759 68-73.
700 3693 756 3756 75.
778 3691 834 3756 76.
855 3689 910 3756 82.
955 3688 1029 3754 Hoc
1047 3689 1181 3774 pretium
1205 3711 1339 3776 aquom

233 3798 279 3878 (h.
299 3816 329 3864 e.
353 3801 480 3862 mutum
497 3795 640 3880 pretium
662 3800 716 3858 est
737 3815 765 3859 s.
790 3793 889 3877 ponis
913 3795 1027 3870 mullo,
1053 3811 1080 3858 s.
1104 3793 1210 3869 mulli,
1232 3793 1338 3876 piscis

142 3977 145 3984 1
233 3899 417 3982 squamosi,
439 3918 461 3962 a
479 3902 511 3962 te
525 3897 618 3974 emti)
641 3895 939 3962 7.10.11.1417.
955 3895 1068 3960 19-27.
1085 3893 1141 3959 29.
1155 3895 1269 3960 lesu
1280 3897 1336 3959 54-

233 3999 288 4063 60.
301 4001 415 4067 olor.
429 4001 485 4066 74.
500 3999 556 4066 83.
570 3997 626 4064 84.
640 3999 737 4083 prob.
752 3995 947 4062 Schradero.
992 3995 1060 4060 Sed
1075 3993 1204 4061 doctior
1215 4003 1270 4062 est
1281 3995 1336 4060 illu

232 4099 345 4177 lectio,
364 4107 399 4166 et
418 4101 546 4185 piscem
559 4101 671 4188 polius
684 4119 840 4186 squamus,
865 4117 966 4184 quam
978 4117 1138 4185 squamam
1153 4095 1222 4162 dici
1234 4097 1335 4164 credi·

233 4197 350 4263 derim.
