2817 4792
375 403 512 469 rursu,
536 405 582 456 rr
604 361 830 456 ru‘vsurars.
1090 395 1157 461 113

44 573 114 639 que
121 551 274 638 jucunde
292 552 471 634 'agendam
494 549 598 617 et'ed
619 570 765 616 amorem
784 552 914 618 virtutis
934 554 1156 641 vitiorumque

44 655 167 721 odim
181 654 376 739 giguardum
390 655 636 738 pertinentibus,
650 655 779 721 nferre
793 662 870 721 suut
891 662 960 722 tum
982 658 1158 741 poetarum

46 759 187 822 illorum
201 758 326 835 satirae,
339 763 410 822 tum
426 757 563 824 Horatii
574 757 785 841 potissimum
799 759 962 842 epistole,
972 763 1159 828 mamrioris
1198 769 1204 782 “

47 859 177 940 ingenii
190 857 303 923 soetus.
349 856 473 922 Omnes
488 859 563 923 istae
579 865 649 924 tmu
663 860 812 938 veritate,
833 866 902 928 tum
919 865 1161 946 praestantiae

49 959 197 1024 utilitate
212 979 314 1044 quam
327 961 473 1025 maxime
487 980 524 1024 se
548 960 789 1027 commendant.
834 961 1034 1030 Horatiana
1047 971 1161 1030 tamen

50 1061 200 1126 naturali
223 1061 368 1145 quadam
386 1062 612 1145 simplicitate,
634 1059 804 1128 Persianae
818 1066 935 1146 rigore,
950 1067 1113 1145 acumine,
1128 1072 1163 1134 et

51 1163 250 1242 subtilitate,
268 1168 311 1240 et,
326 1181 412 1248 quas
435 1163 611 1228 luvenalis
635 1165 747 1242 tradit,
763 1167 925 1248 gravitue
936 1169 1096 1232 orationis
1113 1170 1164 1234 in·

50 1264 253 1348 signiuntur.
299 1265 453 1330 Ceterum
481 1271 616 1348 propter
639 1265 756 1330 horum
780 1268 951 1350 precipuo
973 1276 1163 1354 praecepto·

50 1386 129 1430 rum
142 1365 382 1432 multitudinem
399 1373 433 1432 et
443 1367 670 1448 praestantiam
684 1367 894 1436 satiricorum
908 1367 1082 1452 pobtarum
1096 1373 1164 1436 lec-

51 1471 183 1536 tionem
192 1469 400 1535 utilissimam
415 1487 502 1545 esse,
517 1467 578 1530 vix
589 1473 641 1532 est
654 1467 746 1552 quod
758 1488 920 1534 moneam.
949 1469 1003 1534 Ea
1013 1472 1163 1554 profecto

54 1591 76 1636 a
104 1569 221 1656 politis
248 1569 484 1653 comprehensa
506 1567 659 1634 versibus
685 1570 792 1634 multo
816 1573 923 1654 magis
946 1577 979 1637 et
1007 1576 1166 1642 tenebunt

53 1673 335 1756 delectabuntque
348 1673 509 1737 lectorum
523 1670 664 1749 animos,
685 1677 719 1736 et
737 1671 861 1740 diutius
875 1675 911 1737 iu
923 1677 1083 1741 memoria
1096 1677 1165 1744 hae-

54 1777 187 1854 rebunt,
200 1795 300 1860 quam
315 1776 344 1840 si
355 1793 396 1838 ea
409 1793 453 1838 ex
475 1773 587 1838 ethico
596 1773 695 1851 libro,
710 1773 763 1839 vel
777 1777 921 1840 tenuiter
934 1777 988 1842 vel
1003 1778 1165 1844 subtiliter

53 1878 198 1960 scripto,
213 1878 433 1960 perceperint,
454 1881 513 1942 aut
526 1895 653 1941 morum
667 1882 906 1960 preceptorem
927 1896 969 1942 ee
994 1878 1166 1944 docentem

55 1983 89 2042 et
101 1978 327 2061 explicantem
342 1977 537 2042 audiverint.
584 1977 663 2042 Dici
678 1987 787 2042 autem
806 1980 868 2044 vix
884 1985 1006 2062 potest,
1028 1988 1167 2063 quanto·

55 2100 137 2164 pere
163 2080 242 2158 illis,
254 2081 420 2145 memoriae
444 2079 558 2144 infixis
576 2083 611 2144 et
633 2079 830 2162 tempestive
849 2080 974 2145 ineam
988 2081 1168 2161 revocatis,

57 2203 153 2248 meus
168 2184 224 2247 vel
236 2183 324 2247 curis
340 2182 493 2247 coniecta
506 2179 727 2258 confirmetur,
743 2181 797 2246 vel
814 2181 865 2248 ira
886 2181 1028 2265 aliisque
1042 2182 1169 2249 affecti·

59 2289 125 2351 hus
139 2287 276 2352 turbata
290 2287 504 2351 contineatur.

103 2387 162 2452 Ex
173 2391 237 2466 his,
254 2408 331 2472 quse
345 2407 448 2472 supra
461 2387 503 2452 de
519 2387 664 2466 Horatii,
679 2387 802 2464 Persii,
817 2393 850 2450 et
869 2385 1044 2451 luvenalis
1057 2387 1170 2452 satiris

59 2509 240 2575 earumque
254 2491 431 2555 virtutibus
453 2488 705 2572 disputavimus,
725 2487 825 2552 facile
845 2486 1045 2572 intelligitur,
1066 2490 1170 2573 pluri·

60 2612 153 2658 mum
168 2593 320 2658 utilitatis
334 2613 378 2657 ex
393 2611 505 2656 earum
524 2591 667 2656 lectione
680 2591 811 2675 percipi
824 2610 936 2675 posse,
951 2611 1090 2676 eamque
1104 2611 1172 2656 uon

61 2695 163 2762 modo
179 2693 225 2759 ad
247 2695 414 2777 ingenium
435 2692 614 2776 multiplici
637 2693 786 2758 dochino
806 2695 1040 2779 variammque
1062 2715 1172 2760 rerum

63 2799 251 2882 cognitione
278 2796 508 2871 excolendum,
545 2801 579 2858 et
606 2793 755 2872 mollius,
784 2796 933 2873 suavius,
961 2795 1171 2879 lacubusque

62 2897 279 2975 reddendum,
295 2895 512 2982 adjudicium
526 2894 725 2972 acuendum,
740 2893 785 2958 ad
795 2913 928 2960 sensum
935 2897 1019 2974 reri,
1028 2894 1171 2978 pulchri,

63 3004 207 3078 venusti,
222 3005 257 3066 et
269 2999 399 3066 honesti
412 2997 577 3074 alendum,
590 2996 634 3060 ed
650 3003 792 3062 mentem
808 2997 1025 3064 admiratione
1049 3019 1091 3064 ac
1112 3019 1173 3064 vo·

64 3109 192 3191 luptate
221 3101 490 3188 perfundendum,
520 3101 563 3164 ad
589 3119 701 3166 mores
728 3107 798 3164 tam
827 3099 1055 3166 Romanorum
1081 3101 1173 3165 illius

65 3211 142 3286 evi,
170 3225 274 3292 quam
301 3205 452 3268 universe
478 3201 649 3266 hominum
677 3203 810 3286 penitus
840 3203 1099 3286 cognoscendos,
1129 3203 1175 3269 ad

65 3314 242 3374 venustam
256 3305 487 3381 urbanitatem,
501 3304 686 3368 naturalem
699 3304 958 3387 simplieitatem,
967 3306 1175 3386 gravitatem,

64 3409 215 3492 aliasque
224 3413 257 3472 et
265 3405 425 3472 orationis
434 3411 467 3469 et
476 3406 554 3469 vitae
563 3409 650 3469 artes
664 3404 851 3482 discendas,
867 3405 912 3469 ad
926 3404 1092 3470 diversam
1107 3425 1176 3471 ser·

66 3516 174 3578 monis
193 3511 337 3576 indolem
349 3509 789 3594 percipiendam,sedetiam
802 3509 965 3576 admores
980 3511 1175 3595 animosque

66 3613 251 3699 tingendos,
267 3611 310 3676 a'd
324 3631 438 3676 veram
449 3611 629 3694 utilemque
644 3611 889 3696 philosophiam
901 3614 994 3691 vitae,
1009 3613 1175 3695 hujusque

69 3718 165 3795 bene,
181 3715 341 3791 suaviter,
357 3712 541 3795 tranquille,
566 3731 682 3778 secure
706 3715 927 3796 transigendos
955 3719 1057 3778 artem
1079 3711 1177 3775 imbi«

69 3819 222 3896 bendum,
236 3824 270 3881 et
285 3813 329 3879 ad
343 3833 490 3880 amorem
511 3817 668 3879 virtutum
692 3815 871 3899 odiumque
892 3817 1059 3891 vitiorum,
1083 3833 1177 3895 argu-

70 3921 189 3986 mentis
203 3917 434 4006 exemplisque
461 3917 653 4002 propositis,
678 3917 911 4001 inspirandum
933 3921 967 3979 et
988 3916 1177 3999 concipien-

72 4023 160 4102 dum,
173 4020 359 4086 maximam
374 4019 506 4084 omnino
519 4018 589 4084 vim
602 4019 735 4086 habere.
781 4019 898 4086 Satirae
922 4019 1036 4081 horum
1060 4016 1179 4100 poeta-

72 4145 153 4203 rum,
180 4128 216 4187 et
246 4119 382 4185 Horatii
404 4120 613 4205 potissimum
637 4119 802 4204 epistolae,
830 4119 1057 4202 pulcherrimis
1081 4119 1178 4197 locis,

75 4225 253 4302 sententiis,
280 4223 490 4306 imaginibus,
520 4228 554 4287 et
575 4221 865 4306 descriptionibus,
894 4221 1180 4308 praestantissimis

132 4345 227 4413 Daetpd.
238 4347 262 4393 et
277 4341 335 4394 Ver.
349 4341 413 4394 clos.
639 4340 698 4391 dar.
1089 4335 1118 4389 Η
