2817 4792
218 365 262 430 bi
533 425 537 440 ,
611 372 699 424 vrri
722 367 935 420 sursulus

272 520 315 586 A.
332 519 375 586 u,
391 518 430 584 c.
445 517 602 584 serere
647 515 772 582 cresc
792 509 930 580 cent.
974 508 1153 576 rumen
1165 507 1284 575 57-76.
1344 472 1358 488 ⁶

262 653 394 736 Regnet
422 651 472 718 M.
501 649 624 734 Ulpius
649 648 768 714 Nerva
794 643 963 733 Trojano,
986 644 1030 710 ed
1055 665 1155 728 quem
1180 642 1328 711 nonnulli

218 755 361 822 referunt
374 755 578 840 principium
590 753 661 820 Set.
677 769 745 817 vrr.
1043 751 1050 760 '

370 920 414 985 Α.
430 917 476 986 U.
492 917 532 985 C.
547 917 624 986 853.
670 915 795 984 Christi
810 919 884 984 100.
928 916 1102 983 luvenalis
1115 917 1171 982 59.

264 1052 392 1120 Marius
406 1056 552 1134 Priscus,
568 1054 709 1139 direptis
730 1052 835 1132 Afris,
857 1073 999 1138 quorum
1021 1070 1160 1116 causam
1172 1053 1246 1134 egit
1261 1051 1332 1115 Pli-

220 1163 296 1226 nius
311 1161 435 1247 junior,
450 1157 703 1243 repetundarum
716 1157 891 1222 damnetur
911 1155 961 1240 (v.
977 1153 1018 1219 od
1033 1153 1105 1218 Set.
1122 1171 1146 1216 1.
1161 1154 1207 1218 47
1222 1173 1276 1236 sq.
1299 1159 1333 1218 et

220 1281 302 1329 vrrr.
323 1257 491 1346 120.)h0c
511 1279 607 1340 enno,
623 1281 692 1346 quo
715 1261 847 1326 tertirm
866 1277 943 1323 cum
966 1255 1115 1342 'l'rajeno
1128 1255 1248 1321 consul
1262 1262 1333 1320 eret

222 1361 271 1429 M.
300 1361 472 1430 Cornelius
500 1357 627 1440 Fronte,
651 1369 760 1428 orator
782 1361 920 1444 insignis
944 1365 977 1424 et
1005 1365 1163 1442 patronus
1182 1361 1331 1424 virorum

219 1465 402 1545 doctorum,
425 1465 493 1548 qui,
513 1471 551 1530 ut
570 1461 771 1544 Meculonus,
786 1465 872 1530 elius
896 1464 990 1528 dives
1007 1462 1108 1526 bomo
1125 1462 1228 1548 hujus
1252 1462 1328 1538 mii,

220 1566 332 1650 po'etis
346 1567 530 1632 recitaturis
546 1569 636 1634 cedes
655 1588 735 1634 suas
758 1566 1014 1634 commodabat:
1036 1584 1069 1629 r.
1086 1563 1129 1628 ed
1145 1563 1218 1630 Sat
1238 1581 1263 1629 ι.
1277 1564 1329 1628 lc.

220 1667 275 1732 13.
297 1672 330 1731 et
345 1683 410 1731 vrr.
425 1669 479 1732 40.
524 1668 651 1734 Eodem
668 1690 756 1735 anno
777 1669 944 1754 Trujenus
965 1667 1134 1732 consulem
1149 1667 1218 1731 sibi
1233 1665 1329 1731 suffe-

221 1769 267 1834 clt
280 1765 424 1835 Plinium
434 1769 609 1854 juniorem.

379 1934 424 2003 A.
435 1935 530 2002 U.C.
545 1938 621 2003 854.
666 1938 793 2003 Christi
808 1939 885 2004 101.
929 1937 1170 2003 luvenalisdt).

267 2071 345 2138 Hoc
355 2071 439 2138 ferte
452 2089 538 2138 enne
555 2069 735 2152 Martialis,
749 2087 847 2156 quem
858 2071 969 2158 peiitoe
984 2077 1098 2137 nostro
1111 2072 1328 2136 familiarissi-

222 2194 313 2239 mum
328 2173 442 2252 luisse,
457 2177 588 2260 exejus
603 2176 708 2259 epigr.
723 2175 778 2239 24.
796 2175 872 2240 libri
890 2191 956 2238 vu.
972 2175 1174 2256 intelligitur,
1198 2175 1328 2238 obiitin

223 2277 341 2360 patrio,
356 2270 500 2360 (simili,
516 2275 708 2343 Celtiberiae
724 2280 820 2363 opp.)
841 2295 943 2362 quom
957 2292 1071 2354 senex,
1087 2275 1202 2340 relicta
1217 2275 1328 2341 Rome

224 2397 256 2442 e.
272 2377 348 2446 Chr.
363 2379 454 2458 100.,
476 2379 524 2468 (v.
540 2379 692 2446 Messeni
708 2382 766 2446 rit.
781 2377 872 2446 Plin.
891 2381 965 2465 jun.
991 2399 1026 2462 p.
1041 2378 1108 2444 112
1117 2374 1188 2463 sq.)
1209 2379 1276 2457 vel,
1300 2377 1328 2442 si

224 2479 399 2546 Dodwello
421 2480 522 2560 (Ann.
547 2481 662 2560 Quint.
687 2480 793 2572 §ssi
812 2480 895 2546 fides
918 2479 1077 2557 habenda,
1103 2500 1135 2546 e.
1158 2478 1238 2544 Chr.
1254 2480 1327 2546 loe.

223 2583 363 2665 repetiit,
386 2589 421 2647 et
440 2585 498 2648 ubi
523 2583 624 2667 paulo
647 2590 727 2668 post
745 2589 895 2648 mortuns
918 2587 980 2647 eet.
1036 2580 1166 2646 Ibidem
1195 2583 1330 2667 scripsit

225 2683 330 2766 epigr·
354 2683 408 2750 18.
435 2683 510 2750 libri
537 2701 608 2749 xri.
630 2681 930 2750 unde'Selmesius
956 2690 989 2748 et
1017 2683 1213 2748 Dodwellus
1242 2690 1329 2749 recte

224 2785 435 2870 collegerunt,
459 2785 653 2854 Juvenalem
669 2793 749 2853 tnnc
760 2767 1058 2871 temporis'llemae
1076 2785 1191 2865 subse,
1214 2803 1282 2850 non
1296 2788 1328 2850 in

224 2887 554 2973 Aegypto-Eodem
567 2909 662 2970 anno,
688 2889 836 2975 Trojano
852 2905 902 2954 vr.
926 2869 1216 2954 Sex.'Artleuleio
1232 2887 1330 2953 Paeto

225 2987 339 3068 Coss,
350 2991 481 3057 Praetor
496 2989 559 3072 suit
572 2989 613 3055 P.
628 2991 807 3057 luventius
824 2987 941 3070 Celsus,
962 2988 986 3055 J
987 2988 1072 3055 Ctus
1086 2987 1327 3066 celeberrimus,

225 3091 283 3173 qui
297 3110 329 3154 e.
345 3090 390 3157 U.
407 3112 438 3158 c.
453 3091 529 3158 882.
546 3093 727 3158 seeundum
741 3095 844 3178 gessit
857 3093 1067 3158 consuetum
1081 3091 1237 3174 regnante
1253 3091 1326 3156 lle-

225 3191 359 3258 dricno:
382 3213 415 3256 v.
431 3191 474 3256 od
488 3193 559 3260 Set.
579 3211 626 3258 vr.
641 3195 717 3260 245.
741 3201 774 3260 et
791 3211 872 3260 rin.
889 3196 965 3261 104.

384 3353 484 3425 A.U.
495 3359 535 3425 C.
551 3359 627 3426 007.
673 3359 797 3427 Christi
812 3361 887 3426 114.
932 3359 1107 3426 luvenalis
1121 3357 1176 3424 73.

268 3489 381 3558 Terrae
416 3499 526 3560 motus
549 3493 761 3562 Antiochiam
786 3502 821 3562 et
843 3497 955 3561 vicina
978 3495 1054 3560 loce
1078 3491 1238 3571 concutit,
1264 3509 1327 3576 qim

226 3601 372 3680 tempore
394 3594 559 3682 Trajenns
582 3599 828 3682 expeditionem
853 3595 1094 3682 srmceperetin
1107 3591 1284 3658 Armenios
1297 3599 1327 3658 et

226 3691 383 3882 ffidecs,
398 3697 451 3766 Cs.
467 3699 511 3764 ad
535 3699 607 3764 Sat.
625 3717 675 3766 vr.
698 3703 858 3771 407411.
880 3707 915 3765 et
930 3697 1095 3792 Dodwell.
1111 3695 1197 3760 Ann.
1213 3696 1326 3774 Quint.

384 3951 428 4019 A.
439 3951 484 4021 U.
496 3951 536 4022 C·
550 3955 627 4024 870.
672 3953 795 4023 Christi
809 3955 885 4021 117.
929 3951 1102 4020 luvenalis
1115 3949 1171 4016 76.

270 4079 312 4144 P·
333 4083 444 4152 AEliur
457 4085 660 4170 Hadrianus,
683 4093 728 4156 ab
751 4089 903 4156 exercitu
927 4085 1120 4152 Antiochiae
1145 4083 1326 4168 Impmntor

226 4181 389 4250 edentes
402 4191 437 4251 ct
455 4185 636 4272 Augustus,
657 4191 801 4258 Romam
822 4190 930 4273 veuit3
952 4193 1180 4273 quotempore
1199 4183 1326 4266 Quinti·
