2817 4792
208 318 276 387 m
663 329 866 381 excursos

208 476 406 562 terpretaudi
427 477 586 542 rationem
601 475 777 559 proponit:
802 468 920 536 ‘Perre
941 471 1099 549 nobilem,
1121 480 1159 537 ut
1181 470 1342 556 Tigelli·

207 598 305 661 nnm;
328 579 419 664 quod
432 581 498 645 nisi
511 579 628 655 facias,
650 578 685 640 in
704 597 819 658 rogum
842 593 967 655 corpus
987 584 1082 639 tunm
1099 574 1272 653 mittetur,
1299 576 1342 637 in

209 701 278 766 quo
298 700 364 745 non
386 682 536 765 jacentis
561 697 716 762 corpora,
739 678 799 741 sed
826 676 869 740 ad
897 677 1060 758 lignorum
1079 678 1341 760 parsimoniam

208 784 333 847 stantia
346 788 533 847 exuruntur.
565 780 664 845 Unde
680 784 798 863 putant
813 779 900 843 dici:
924 790 952 841 et
968 776 1066 841 latam
1083 777 1340 841 mediatricem

208 880 330 946 deducit
344 904 462 958 crero5
485 882 574 967 quod
591 900 712 966 parcus
725 889 817 946 ustor
831 880 955 944 subditi
968 880 1049 962 ligni
1065 883 1182 964 inopia
1198 882 1340 946 scrobe

207 986 270 1050 sub
287 992 371 1051 terra
391 986 482 1051 facto
498 986 670 1061 subcavet,
693 991 731 1050 ut
750 982 863 1048 ardere
876 982 1240 1067 possit.'-Farnabins
1255 978 1340 1045 sel-

208 1107 275 1151 ccm
290 1090 479 1172 accipiebat
493 1087 534 1151 de
559 1087 688 1163 scrobe,
712 1086 756 1151 ad
781 1086 873 1149 necis
896 1084 1028 1150 adactae
1043 1085 1098 1149 vel
1119 1091 1333 1168 sponnneae

207 1192 436 1258 necessitatem
464 1189 607 1254 redactis
636 1188 691 1252 rel
719 1188 763 1251 ab
788 1187 864 1250 aliis
886 1187 942 1251 vel
965 1186 1008 1249 ab
1033 1188 1117 1269 ipsis
1131 1190 1333 1272 praeparari

208 1294 318 1371 solita,
342 1293 424 1357 forte
447 1292 491 1356 ad
516 1290 707 1358 evitandum
731 1308 848 1353 casnm
867 1287 1020 1371 ἁσχῆμονα
1040 1290 1075 1352 in
1096 1290 1177 1374 ipso
1191 1298 1332 1368 morte;

207 1414 274 1479 quo
294 1394 456 1458 referebat
479 1390 564 1455 Tac.
580 1388 667 1455 Anu·
684 1406 749 1457 xv.
764 1392 820 1455 67.
859 1390 1050 1456 Philostrat
1073 1392 1133 1455 vit.
1153 1388 1330 1474 Apollon.

207 1512 241 1557 v.
252 1494 285 1559 8.
306 1490 453 1575 Appian.
467 1493 500 1554 b.
517 1489 591 1555 Cir.
608 1507 659 1554 ιν.
674 1496 708 1555 et
720 1490 810 1555 Suet.
821 1489 968 1557 Necti).
1004 1490 1080 1557 Cnf.
1093 1497 1208 1557 tarneu
1221 1491 1327 1574 lips.

208 1600 241 1660 et
255 1594 387 1657 Ernesti
402 1594 446 1657 ad
464 1591 548 1657 Tac.
565 1591 652 1657 Anu.
670 1610 694 1656 1.
708 1592 946 1658 (ιι-Παπίας
959 1593 994 1657 in
1008 1592 1210 1679 conjectam
1220 1592 1326 1657 cmc.

209 1714 233 1759 1.
250 1714 361 1759 versus
383 1694 642 1778 transponendos
661 1694 951 1777 emendandosque
961 1696 1102 1779 putabat
1114 1695 1180 1758 hoc
1193 1694 1326 1759 modo:

196 1794 342 1883 fumant.
383 1792 449 1863 Qui
473 1792 750 1879 dedit—despiciat
776 1816 841 1873 rios,
871 1794 914 1859 Ee
943 1794 1044 1859 fluum
1067 1794 1170 1859 medio
1193 1796 1324 1861 sulcum

206 1898 339 1963 deducat
354 1918 462 1962 arena.
509 1896 603 1961 Idem
619 1898 763 1961 etnobis
787 1897 967 1979 aliquando
995 1899 1031 1963 in
1053 1904 1197 1963 mentem
1213 1900 1319 1975 venit,

206 2000 265 2067 sed
286 2020 373 2065 nnnc
399 2002 509 2065 minus
533 1998 759 2063 arridet-Is.
772 1996 922 2064 Vossius
946 1998 993 2065 ad
1016 1998 1137 2063 Catuli.
1151 2020 1186 2083 p.
1201 2020 1248 2089 ¹¹!-
1261 2002 1320 2067 θ.

206 2122 284 2168 curn
298 2100 461 2166 Ascensio
474 2098 587 2185 Jiaemct
605 2100 669 2183 legi
684 2100 842 2179 malebat,
867 2102 1003 2186 ejusque
1029 2104 1191 2169 sententia
1212 2101 1318 2167 Juve-

205 2205 294 2271 nalis
319 2204 417 2282 dixit,
442 2204 486 2267 ab
515 2204 651 2267 incensa
671 2204 786 2268 tunice
808 2204 950 2269 molesta
972 2208 1096 2270 enan
1120 2204 1314 2285 liquefactae

205 2308 302 2373 taedae
326 2326 388 2371 seu
409 2306 499 2390 picis
521 2304 701 2369 defluxisse
716 2307 861 2389 copiam,
886 2311 925 2371 ut
937 2302 1135 2369 laturetiem
1156 2304 1192 2367 in
1212 2305 1320 2369 medio

206 2430 303 2473 merra
318 2406 515 2472 deduceretur
530 2404 641 2486 sulcas,
662 2412 696 2471 et
719 2407 835 2471 ardens
846 2408 944 2492 qnasi
961 2406 1154 2471 formaretur
1166 2405 1316 2471 rivus-

207 2510 343 2595 Lipsius
355 2510 399 2573 ad
415 2508 531 2573 Senec.
548 2507 589 2571 de
612 2510 662 2573 ira
679 2525 735 2571 ιιι.
750 2508 783 2573 3.
796 2514 882 2573 extr.
900 2528 947 2573 er
965 2513 1031 2573 vet.
1046 2508 1118 2572 ood.
1139 2508 1315 2589 legendnm

206 2611 371 2687 censebat,
405 2604 444 2671 Et
462 2605 544 2670 lotor
562 2608 693 2672 mediam
708 2607 809 2673 sulcus
823 2607 940 2673 diducit
955 2630 1096 2687 arenam,
1121 2610 1214 2692 qnod
1235 2630 1316 2694 pro·

205 2714 326 2779 namu
340 2710 490 2792 Scaliger
505 2708 641 2774 Emend.
657 2710 775 2793 Temp·
788 2710 810 2773 l.
825 2730 858 2775 r.
872 2720 907 2775 et
917 2711 1089 2776 Ferrarius
1105 2710 1210 2775 Etect.
1226 2729 1268 2777 ιι.
1282 2715 1314 2777 7.

205 2815 262 2899 qni
276 2832 390 2878 omnes
404 2808 519 2875 sulcum
532 2810 727 2875 intellexere
751 2810 793 2876 de
818 2810 912 2877 fossa
929 2811 965 2875 iu
985 2813 1099 2878 medie
1112 2832 1223 2890 arena,
1246 2832 1317 2897 que

205 2916 275 2980 nivi
290 2912 427 2979 cremati
442 2914 509 2976 sint
522 2913 645 2977 defossi
659 2912 751 2977 etad
765 2915 880 2998 palum
893 2913 1116 2979 defixi-Vir
1133 2914 1256 2984 doctus
1278 2916 1315 2979 iu

206 3016 349 3083 Misoell.
366 3013 468 3077 Obss.
482 3013 552 3077 crit.
567 3012 646 3077 Vol.
664 3031 698 3075 v.
713 3013 756 3078 Τ.
773 3031 813 3079 ιι.
828 3036 862 3101 p.
877 3015 954 3081 268.
970 3017 1174 3099 corrigebat:
1201 3012 1248 3079 Et
1264 3016 1314 3081 Io-

205 3128 275 3180 trtm
287 3113 388 3179 media
406 3112 524 3177 sulcum
543 3114 681 3200 signabit
696 3117 891 3181 creas—In
915 3117 994 3183 edit.
1008 3118 1187 3183 Variornm
1201 3116 1314 3185 Anasi.

204 3217 301 3285 1684.
323 3217 397 3283 hmo
422 3218 584 3300 reperitur
608 3223 706 3283 nota:
744 3218 783 3283 Si
806 3238 864 3303 per
888 3220 1094 3303 parenthesin
1122 3220 1315 3287 insoraumr

203 3321 319 3397 verbe,
344 3318 416 3387 Qua
433 3315 729 3404 stantes-foment,
753 3340 868 3385 sensns
882 3322 945 3385 erit
963 3321 1154 3399 concinnus,
1180 3318 1314 3388 Lucebit

204 3422 237 3485 in
254 3417 313 3483 illc
328 3418 420 3498 tado,
445 3430 474 3483 et
486 3418 586 3483 mdia
601 3442 709 3497 creua,
732 3434 793 3504 per
807 3440 911 3504 quarn
924 3428 960 3487 tu
979 3423 1082 3487 curris
1097 3422 1178 3507 palo
1191 3424 1312 3507 alliga·

204 3530 269 3603 tus,
289 3524 352 3600 vel,
376 3540 548 3606 perquam
570 3542 691 3606 corpus
706 3530 801 3588 tunm
814 3524 950 3589 uehitur
964 3523 1236 3603 comburendum,
1259 3524 1311 3589 de-

204 3623 288 3689 ducit
304 3644 364 3689 seu
378 3620 515 3701 ddecet,
540 3622 659 3708 (immo
674 3622 797 3688 diducet
819 3625 843 3689 i.
857 3645 888 3690 e.
902 3626 1093 3709 patefaciet,
1114 3628 1311 3693 monstrabit

205 3726 304 3795 lotam
318 3724 457 3791 sulcum:
478 3746 540 3791 nec
554 3727 677 3804 obstat,
693 3728 783 3812 qnod
796 3728 916 3793 ultima
929 3728 1004 3812 syll-
1015 3747 1089 3793 voc.
1100 3725 1204 3789 credie
1218 3748 1307 3794 nom.

204 3849 272 3897 cas.
287 3833 331 3895 sit
345 3829 474 3910 brevis;
503 3848 580 3894 nam
605 3848 664 3913 per
677 3830 947 3913 penthemimerin
961 3829 1073 3894 brevis
1085 3834 1137 3893 est
1148 3830 1310 3914 products

203 3930 346 3997 licenter.
391 3932 434 3998 Id
446 3931 604 4017 exemplo
622 3928 713 4015 Virg.
729 3929 807 3995 AEn.
823 3947 880 3994 ιιι.
894 3930 973 3996 464.
996 3929 1139 3994 firmavit
1162 3929 1310 3995 Beckins

204 4031 239 4101 in
253 4030 353 4103 obss,
369 4034 483 4115 philol.
506 4035 541 4097 in
562 4032 634 4098 Sat.
655 4031 777 4098 Jnvcn.
794 4032 878 4097 duas
891 4033 1021 4115 priores
1033 4028 1184 4116 (altorfii
1197 4030 1306 4111 1782.)
1326 4028 1329 4033 ’

204 4154 239 4221 p.
251 4133 286 4201 9.
299 4136 360 4201 ubi
373 4136 459 4201 htmc
480 4135 688 4203 existimavit
709 4135 885 4201 verbenam
908 4133 1058 4200 ordinem
1076 4152 1154 4199 osse
1168 4152 1211 4201 ac
1233 4154 1306 4202 sen·
