2817 4792
255 333 321 400 406
716 345 914 400 sxcunsus

253 489 375 553 amoris
389 487 533 554 remedia
553 487 624 552 sive
645 485 794 553 stimulil
829 481 962 550 1Βαὶοω
984 487 1071 550 enim
1094 487 1351 554 stimulatore

253 609 375 666 omem,
385 595 502 653 notum
516 608 561 652 ex
574 587 662 652 Plin.
679 603 765 652 xlx·
780 589 814 652 5.
828 605 858 652 s.
873 587 929 654 ab.
973 588 1162 654 1111040.
1213 589 1353 654 Martini.

255 713 310 760 ιιι.
339 695 393 758 tc
410 693 444 758 3.
481 709 566 758 xus.
595 693 650 758 04.
709 691 809 757 Ovid.
827 689 924 756 Rem.
950 689 1029 758 Am.
1048 711 1097 758 vs.
1123 695 1204 758 707.
1233 695 1354 760 79011

252 797 384 864 Colum.
406 811 445 858 x.
461 795 535 860 105.
561 795 636 861 106.
667 796 725 859 ubi
748 794 912 878 Pompon.
935 794 1010 860 baec
1027 797 1178 860 notarit:
1202 797 1355 864 ‘Genera

250 897 428 964 bulborum
447 895 579 962 Graecis
600 896 788 961 nominibus
811 901 976 974 notantur,
1002 896 1226 979 differuntque
1255 900 1354 976 odore,

251 1001 430 1080 suavitate,
443 1019 576 1082 sapore,
598 999 718 1076 colore,
740 999 976 1081 magnitudine,
1002 998 1182 1082 omniaque
1203 999 1354 1064 ferventis

251 1105 378 1166 naturas
409 1106 497 1176 sunt,
519 1098 596 1162 ideo
624 1097 795 1162 libidinem
824 1099 1019 1164 accendunt.
1076 1099 1297 1182 Pythagoras
1322 1103 1354 1166 de

250 1203 363 1268 bulbis
376 1204 498 1266 libmm
511 1201 700 1283 composuit
710 1198 970 1282 Megarensibus.
994 1199 1042 1264 Μ.
1053 1199 1164 1265 Varro
1175 1209 1210 1265 et
1220 1201 1355 1286 Apicius

227 1362 240 1376 ,
250 1305 412 1370 scribunt:
428 1305 439 1337 ‘
454 1321 544 1385 aqua
565 1300 753 1384 decoquant
766 1301 900 1378 brdbos,
916 1301 974 1383 qui
989 1299 1129 1367 Veneris
1156 1322 1261 1368 usum
1276 1325 1355 1388 qnae-

249 1404 354 1484 111111;’
367 1404 433 1469 boc
446 1403 548 1468 modo
562 1403 596 1467 in
605 1402 732 1484 nuptiis
747 1400 979 1485 apponuntur!
1014 1400 1110 1466 Conf.
1119 1403 1205 1468 ibid.
1223 1404 1354 1470 Wems

251 1506 329 1570 dors
337 1506 372 1569 in
386 1504 482 1569 Post.
493 1503 577 1566 Min.
588 1503 630 1568 Τ.
648 1519 698 1567 vr.
712 1524 747 1586 p.
760 1503 812 1568 66.
828 1501 1008 1568 57.-bnlli
1021 1505 1073 1568 11.
1094 1505 1152 1569 21.
1166 1507 1227 1572 43.
1245 1511 1355 1592 probb.

249 1605 409 1672 schum.
438 1609 473 1670 el
498 1605 593 1687 Lips.
630 1602 737 1686 Epist.
765 1602 895 1682 Quaest.
927 1621 977 1671 ιν.
1006 1606 1060 1669 25.
1084 1593 1142 1669 ubi
1187 1607 1356 1674 laudentur

246 1705 384 1772 Glossae
398 1708 442 1772 ad
456 1727 549 1771 cram
564 1705 637 1770 cod.
654 1705 769 1769 Divaei
786 1709 936 1788 scriptae:
960 1702 1089 1783 ‘Buta
1106 1707 1228 1790 pisces
1251 1713 1356 1796 exigui
1390 1701 1391 1712 ’

247 1808 424 1887 vilissimi:
432 1816 497 1874 ete
510 1807 662 1872 Glossar·
676 1813 744 1872 vet.
760 1807 849 1872 edito
865 1807 908 1871 ab
924 1807 1029 1872 Hem.
1044 1807 1243 1890 Stephano:
1261 1811 1355 1888 Rulli,

244 1909 489 1996 χρυσοκίινθαςω.
534 1909 630 1974 Idem
656 1916 766 1975 tamen
784 1909 922 1993 Lipsius
946 1917 1069 1987 monet,
1093 1910 1278 1993 vulgatam
1300 1917 1355 1980 lec

245 2013 369 2077 tionem
383 2031 450 2076 non
471 2011 686 2096 spernendam
706 2011 824 2088 videri,
848 2031 924 2076 cum
935 2017 968 2077 et
983 2011 1154 2076 Martialis
1172 2030 1227 2078 w.
1240 2018 1296 2082 46.
1311 2018 1353 2080 11.

248 2109 355 2176 bulbos
367 2117 470 2195 ponat
482 2114 567 2176 inter
580 2131 728 2189 munera,
751 2112 931 2177 causidicis
949 2113 1036 2178 mitti
1050 2113 1167 2194 solies,
1181 2122 1217 2182 et
1233 2118 1354 2184 Plini-

251 2229 338 2285 xrx.
370 2212 477 2284 balbos
492 2214 527 2278 in
539 2211 654 2298 Africo
665 2220 762 2287 natos
775 2216 921 2280 maxime
935 2215 1063 2280 laudari
1078 2215 1186 2283 dicat.

675 2520 947 2536 -n--n—-n-—a

610 2698 993 2778 EXCURSUS

660 2919 713 2970 AD
729 2919 806 2972 SAT.
825 2921 888 2972 Vll.
906 2927 962 2973 144.

289 3125 423 3192 Combre
436 3127 490 3193 vel
503 3128 625 3204 cnmlre
637 3131 758 3215 legitur
769 3134 803 3198 in
816 3135 896 3200 2.·3.
909 3137 940 3200 5.
956 3136 1011 3203 10.
1026 3137 1140 3206 lcec.
1157 3142 1217 3209 2³.
1235 3145 1295 3212 24.
1306 3146 1353 3210 27.
1390 3145 1391 3170 ³

243 3231 779 3302 45-49.65.119.11411111.Ρὶ1ιοί111.
795 3237 893 3321 cujus
903 3259 936 3304 v.
953 3239 1091 3324 Parerg.
1106 3261 1158 3308 11.
1170 3245 1207 3310 6.
1259 3248 1353 3313 Hanc
1390 3253 1391 3280 ¹

245 3333 419 3398 lectionem
442 3333 653 3399 defendemut
674 3335 917 3404 Calderinuset
931 3339 1070 3424 Scoppa
1095 3341 1293 3413 Collectan.
1319 3365 1353 3411 ιι.

241 3433 275 3498 2.
303 3455 339 3517 p.
367 3435 423 3500 66.
449 3442 485 3499 ut
504 3435 536 3499 h.
559 3438 582 3502 l.
612 3437 800 3520 designetur
828 3441 1000 3526 inscriptio
1024 3443 1290 3512 declamationis
1318 3449 1354 3511 de

245 3529 392 3614 Cunero,
413 3536 609 3621 Scytharum
632 3559 720 3621 rege,
745 3541 841 3624 cujus
864 3543 1010 3606 meminit
1033 3543 1208 3611 Diodorus
1237 3551 1295 3614 vel
1317 3549 1354 3612 de

244 3631 394 3700 Cambrio
420 3657 448 3701 s.
472 3635 816 3719 (lambro-Britannia,
832 3641 923 3727 (bod.
939 3641 1073 3728 wales)
1086 3647 1139 3710 vel
1155 3647 1199 3711 de
1227 3648 1354 3735 oppido

240 3737 339 3821 hujus
351 3741 504 3804 nominis.
527 3739 739 3806 Galderinus:
766 3739 912 3820 camare,
927 3743 1046 3828 inquit,
1063 3747 1234 3830 oppidum
1247 3758 1304 3816 est
1325 3753 1354 3814 in

239 3836 442 3906 'lbeatrania
454 3841 610 3921 Troadis,
625 3850 661 3907 ut
681 3845 797 3909 scribit
811 3843 951 3923 Plinius,
966 3851 999 3909 ct
1012 3867 1031 3909 c
1045 3849 1204 3930 proxima
1219 3856 1353 3936 regione

239 3931 291 4003 cst
301 3939 442 4021 Lesbos,
458 3943 575 4026 inqua
589 3943 783 4028 Mityleucm
797 3951 1002 4029 occupamnt
1012 3945 1156 4030 tyradni,
1181 3958 1221 4016 ut
1238 3962 1352 4020 auctor

240 4043 292 4104 cat
301 4039 434 4121 Strabo,
447 4043 620 4126 Nigesilus
628 4053 662 4109 ct
677 4045 904 4129 Magarogilus
914 4069 921 4112 :
932 4047 1071 4113 Alcaeus
1085 4053 1191 4135 poeta
1204 4075 1271 4121 eos
1282 4075 1356 4122 car·

242 4137 330 4204 mine
347 4148 398 4206 est
410 4144 604 4226 insectans,
618 4148 706 4212 unde
722 4167 857 4214 aureum
872 4149 1031 4234 plectrum
1044 4151 1207 4222 babuisse
1221 4157 1354 4236 dicitur,
