2817 4792
381 431 386 441 .
426 397 562 460 enisu,
587 399 633 448 sr
654 399 879 449 surculum.
1139 384 1203 451 11⁷

87 535 257 610 honestati
272 545 436 612 contrariu
449 544 542 624 fiant,
569 546 733 610 obscoena
751 543 842 623 vero,
865 564 941 629 qnae
954 543 1113 610 neumam
1132 565 1203 612 rno-

87 654 205 726 veant
221 647 265 712 ad
281 648 463 713 honestatis
477 654 510 711 et
524 647 656 711 decoris
671 647 740 712 rim
751 652 786 710 et
800 645 1084 729 significationem,
1100 651 1202 731 qnam

89 751 234 832 singulae
250 756 368 816 aetates
381 748 591 814 constitutam
604 748 773 824 haberent,
785 754 819 812 et
832 747 877 812 ad
891 751 1030 834 politum
1045 769 1202 816 sensuum

84 853 256 934 judicium
280 851 555 934 humanitatisque
581 851 718 928 cultum,
743 868 812 933 qno
838 851 893 914 vel
918 849 1067 916 destituti
1091 857 1204 920 essent

89 955 246 1018 homines
270 955 324 1018 vel
347 953 558 1030 excellerent,
585 970 715 1017 emnem
740 951 868 1016 dehac
887 972 923 1016 re
946 952 1202 1037 disputationem

91 1073 168 1118 esse
197 1053 408 1118 referendam.
462 1053 701 1120 Obscoenitstis
726 1055 870 1119 enimet
895 1054 1068 1120 dedecoris
1093 1060 1146 1122 vis
1167 1065 1203 1124 et

92 1161 246 1240 potestas
260 1157 459 1234 bominibus,
471 1157 506 1219 in
520 1157 610 1237 agris
624 1156 797 1240 sylvisque
808 1158 1005 1235 errantibus,
1027 1159 1119 1224 nulla
1131 1159 1201 1226 lere

91 1259 178 1336 fnit3
203 1277 246 1322 ea
260 1263 400 1336 tantum,
413 1277 489 1342 quac
505 1259 667 1341 palatum,
688 1258 814 1337 oculos,
825 1277 921 1323 nares
933 1260 1020 1324 male
1033 1260 1201 1340 baberent,

91 1361 347 1425 removebantur
362 1381 381 1424 e
396 1370 590 1444 conspectu.
636 1361 856 1444 Congregatis
874 1381 954 1426 vero
967 1363 1154 1426 bominibus
1166 1367 1202 1430 et

92 1462 126 1524 in
140 1463 321 1527 societates
335 1463 496 1539 collectis,
511 1464 787 1545 matrimonioque
800 1464 991 1539 constituto,
1002 1463 1203 1531 verecundia

90 1564 225 1628 tandem
240 1569 320 1627 nata
333 1571 384 1626 est
397 1571 431 1626 et
445 1564 565 1648 pudor,
582 1583 649 1647 qne
664 1565 706 1627 ab
721 1583 847 1641 eorum,
871 1583 949 1648 qnae
964 1566 1100 1630 remotis
1114 1567 1202 1631 arbi·

90 1667 151 1730 tris
178 1666 303 1744 tierent,
328 1667 493 1730 mentione
517 1667 570 1730 vel
598 1666 808 1743 abstinerent,
836 1667 890 1732 vel
913 1670 1084 1733 vocabulis
1105 1689 1157 1748 ea,
1180 1689 1203 1734 a

92 1767 307 1831 similitudine
323 1768 434 1850 aliqua
449 1768 574 1852 petitis,
594 1773 630 1832 et
649 1767 938 1834 circumlocutione
958 1768 1102 1851 quadam
1116 1769 1202 1835 indi-

91 1874 215 1933 carent.
254 1867 332 1946 Qua
346 1871 381 1932 in
395 1889 431 1933 re
445 1876 553 1933 autem
569 1869 734 1952 antiquior
747 1861 834 1933 uetus⁴
843 1867 971 1932 fastidii
984 1875 1054 1932 tam
1067 1870 1201 1936 delicati

89 1976 254 2049 nonerat,
281 1972 313 2034 id
337 1971 428 2054 quod
450 1991 493 2035 ex
514 1969 627 2034 multis
639 1971 748 2034 verbis
760 1974 796 2032 et
805 1969 1008 2033 dictionibus
1020 1970 1109 2052 apud
1125 1971 1201 2036 Ho-

92 2092 222 2136 merum
236 2079 351 2138 notum
366 2079 430 2150 est,
445 2071 566 2156 quibus
581 2072 624 2136 ad
633 2090 787 2148 amorem,
796 2071 1063 2147 familiaritatem,
1077 2077 1110 2136 et
1124 2055 1221 2138 con·x

91 2175 300 2240 suetudinem
315 2175 485 2257 utriusque
500 2192 612 2250 sexus,
624 2171 944 2257 nuptias,etfurtiva
957 2172 1080 2253 gandia
1091 2174 1201 2257 desig-

90 2275 203 2340 nanda
230 2295 313 2340 usus
337 2285 399 2340 est.
446 2273 533 2352 Quae
559 2275 678 2338 deinde
704 2275 809 2338 verba
828 2293 851 2338 a
873 2275 1007 2354 tragicis
1027 2279 1061 2338 et
1075 2275 1201 2358 lyricis,

91 2379 191 2460 quasi
207 2379 353 2442 auctoris
368 2379 568 2461 praestantia
590 2377 846 2442 obscoenitatem
865 2377 1068 2453 amisissent,
1094 2377 1201 2461 digni-

89 2485 259 2563 tatemque
280 2479 426 2562 aliquam
448 2485 613 2550 vetustate
638 2483 749 2541 essent
770 2482 883 2552 nacta,
905 2497 1060 2561 magnam
1071 2487 1202 2562 partem

89 2581 160 2644 sine
176 2599 294 2645 sensus
307 2581 537 2664 exquisitioris
560 2585 594 2646 et
616 2579 781 2663 politioris
805 2579 985 2644 offensione
1004 2579 1153 2646 adbibita
1165 2582 1202 2646 in

89 2682 219 2766 vulgari
243 2703 377 2767 qnoque
405 2684 568 2749 sermonis
592 2683 829 2747 consuetudine
854 2683 1089 2748 retinebantur.
1132 2683 1202 2750 Sed

88 2783 214 2850 relictis
228 2785 305 2848 aliis
319 2785 362 2848 ad
375 2805 417 2850 ea
430 2788 614 2863 veniamus,
641 2803 721 2869 quae
745 2785 936 2848 communia
953 2784 1081 2848 fuerunt
1103 2785 1201 2849 Gree-

88 2892 254 2952 corumet
268 2887 508 2967 Romanorum,
534 2887 621 2952 unde
644 2888 758 2952 multae
784 2905 836 2950 res
859 2892 892 2949 et
916 2885 1091 2963 dictiones,
1116 2905 1201 2970 quas

89 2993 204 3073 turpes
227 2995 263 3053 et
285 2989 449 3054 obscoena
470 3007 556 3054 nunc
578 3006 755 3065 vocamus,
779 2988 815 3051 in
828 2992 1041 3070 utrorumque
1052 2987 1154 3053 factis
1166 2993 1202 3054 et

88 3088 202 3167 dictis,
225 3089 292 3154 nisi
304 3089 454 3155 banestre
469 3108 511 3153 ac
524 3088 710 3154 laudabiles
724 3094 842 3166 essert,
865 3093 975 3153 tannen
1000 3090 1072 3152 sine
1091 3110 1202 3175 repre·

88 3189 248 3255 tensione
258 3187 294 3256 'et
306 3192 432 3270 fierent,
451 3197 485 3257 et
498 3190 692 3256 dicerentur.
738 3190 887 3254 Primum
911 3193 989 3272 ipsa
1013 3193 1202 3276 mythomm

88 3297 120 3356 et
135 3311 307 3358 sacrorum
321 3296 419 3373 ratio,
444 3293 684 3376 antiquissimis
706 3292 915 3375 temporibus
935 3297 1011 3357 orta
1028 3302 1062 3361 et
1078 3295 1201 3360 consti·

88 3399 173 3472 tnta,
199 3395 324 3474 multis,
350 3401 387 3460 ut
410 3415 496 3460 mnrc
523 3394 673 3479 quidem,
697 3394 837 3458 lascivis
860 3399 895 3458 et
912 3394 1095 3474 obscoenis,
1123 3417 1200 3480 qnae

89 3495 260 3580 religionis
271 3486 453 3563 auctoritas
465 3501 562 3582 qnasi
576 3501 748 3574 sanxerat,
763 3501 891 3560 mentes
901 3502 936 3561 et
943 3517 1041 3562 aures
1054 3498 1202 3564 castissi-

89 3599 363 3666 masassueiecit.
392 3598 710 3666 DeindeGraeciset
719 3596 895 3678 Romanis,
907 3598 961 3663 vel
970 3599 1202 3679 severioribus,

492 3796 497 3806 ·
593 3773 700 3824 NOTAE

87 3897 221 3949 nunqnam
238 3885 333 3936 univit
346 3893 477 3938 matronas
492 3893 539 3937 aut
554 3889 624 3953 inge·
664 3893 758 3950 tueque
779 3899 880 3935 amores
901 3881 1038 3932 invehitur.
1079 3882 1202 3934 Cumim

87 3973 162 4025 noae,
183 3973 324 4026 nunquam,
347 3961 625 4028 quodpraeclureLes-
665 3961 745 4010 etiam
773 3960 843 4010 illios
872 3958 997 4008 amatoria
1026 3959 1095 4009 baud
1122 3958 1202 4011 dubie

87 4036 187 4100 dungina
204 4037 302 4101 metit,
319 4053 413 4101 pueros
427 4040 532 4104 amarit,
548 4041 624 4091 etsic
665 4041 735 4099 sape
753 4037 825 4085 luens
852 4033 959 4098 leuitici,
987 4035 1020 4084 sd
1042 4035 1202 4088 bilaritatem

88 4111 161 4177 leges
181 4113 428 4181 Remesillasque
443 4123 544 4168 nature
561 4133 625 4167 nuu-
665 4109 993 4175 recompensante
1007 4111 1201 4179 potmcxpres·

89 4203 168 4314 anam
187 4191 312 4252 siclarin
328 4194 415 4256 mbos
433 4194 549 4258 graviter
567 4196 628 4246 sub
667 4187 785 4240 sssmt'

118 4263 150 4316 de
161 4263 189 4316 in
200 4265 330 4318 multem
340 4265 445 4336 probri·
457 4269 528 4322 diem
545 4270 627 4322 inces-
