<?xml version="1.0" encoding="UTF-8"?>
<!DOCTYPE html PUBLIC "-//W3C//DTD XHTML 1.0 Transitional//EN"
    "http://www.w3.org/TR/xhtml1/DTD/xhtml1-transitional.dtd">
<html xmlns="http://www.w3.org/1999/xhtml" xml:lang="en" lang="en">
 <head>
  <title>
</title>
<meta http-equiv="Content-Type" content="text/html;charset=utf-8" />
  <meta name='ocr-system' content='tesseract 3.04.00' />
  <meta name='ocr-capabilities' content='ocr_page ocr_carea ocr_par ocr_line ocrx_word'/>
</head>
<body>
  <div class='ocr_page' id='page_1' title='image "./djuniijuvenalis04persgoog_0134.png"; bbox 0 0 2817 4792; ppageno 0'>
   <div class='ocr_carea' id='block_1_1' title="bbox 236 335 1104 412">
    <p class='ocr_par' dir='ltr' id='par_1_1' title="bbox 236 335 1104 412">
     <span class='ocr_line' id='line_1_1' title="bbox 236 335 1104 412; baseline -0.009 -6"><span class='ocrx_word' id='word_1_1' title='bbox 236 337 301 406; x_wconf 73' lang='lat'><strong>120</strong></span> <span class='ocrx_word' id='word_1_2' title='bbox 479 351 528 399; x_wconf 87' lang='lat' dir='ltr'><strong>nn</strong></span> <span class='ocrx_word' id='word_1_3' title='bbox 552 349 634 400; x_wconf 82' lang='lat' dir='ltr'><strong>suu.</strong></span> <span class='ocrx_word' id='word_1_4' title='bbox 659 347 817 412; x_wconf 80' lang='lat' dir='ltr'><strong>uuoruu,</strong></span> <span class='ocrx_word' id='word_1_5' title='bbox 840 348 1014 409; x_wconf 79' lang='lat' dir='ltr'><strong>ananau,</strong></span> <span class='ocrx_word' id='word_1_6' title='bbox 1039 335 1104 398; x_wconf 75' lang='lat' dir='ltr'><strong>tac.</strong></span> 
     </span>
    </p>
   </div>
   <div class='ocr_carea' id='block_1_2' title="bbox 236 490 1347 680">
    <p class='ocr_par' dir='ltr' id='par_1_2' title="bbox 236 490 1347 680">
     <span class='ocr_line' id='line_1_2' title="bbox 236 490 1347 583; baseline -0.004 -21"><span class='ocrx_word' id='word_1_7' title='bbox 236 515 370 583; x_wconf 90' lang='lat' dir='ltr'><strong>quoque</strong></span> <span class='ocrx_word' id='word_1_8' title='bbox 391 495 598 578; x_wconf 84' lang='lat' dir='ltr'><strong>aptissimum</strong></span> <span class='ocrx_word' id='word_1_9' title='bbox 622 492 694 570; x_wconf 82' lang='lat' dir='ltr'><strong>fuit,</strong></span> <span class='ocrx_word' id='word_1_10' title='bbox 718 490 851 574; x_wconf 86' lang='lat' dir='ltr'><strong>siquid</strong></span> <span class='ocrx_word' id='word_1_11' title='bbox 868 490 997 576; x_wconf 90' lang='lat' dir='ltr'><strong>judico,</strong></span> <span class='ocrx_word' id='word_1_12' title='bbox 1017 490 1100 556; x_wconf 89' lang='lat' dir='ltr'><strong>illud</strong></span> <span class='ocrx_word' id='word_1_13' title='bbox 1120 511 1252 558; x_wconf 76' lang='lat' dir='ltr'><strong>nauseoe</strong></span> <span class='ocrx_word' id='word_1_14' title='bbox 1266 513 1347 558; x_wconf 85' lang='lat' dir='ltr'><strong>mo·</strong></span> 
     </span>
     <span class='ocr_line' id='line_1_3' title="bbox 236 594 1347 680; baseline -0.005 -15"><span class='ocrx_word' id='word_1_15' title='bbox 236 599 354 666; x_wconf 81' lang='lat' dir='ltr'><strong>veudae</strong></span> <span class='ocrx_word' id='word_1_16' title='bbox 377 597 537 674; x_wconf 87' lang='lat' dir='ltr'><strong>studium,</strong></span> <span class='ocrx_word' id='word_1_17' title='bbox 564 594 654 680; x_wconf 90' lang='lat' dir='ltr'><strong>quod</strong></span> <span class='ocrx_word' id='word_1_18' title='bbox 681 596 717 658; x_wconf 93' lang='lat' dir='ltr'><strong>in</strong></span> <span class='ocrx_word' id='word_1_19' title='bbox 743 594 908 659; x_wconf 78' lang='lat' dir='ltr'><strong>nonnullis</strong></span> <span class='ocrx_word' id='word_1_20' title='bbox 932 595 1019 658; x_wconf 88' lang='lat' dir='ltr'><strong>locis</strong></span> <span class='ocrx_word' id='word_1_21' title='bbox 1041 595 1171 658; x_wconf 77' lang='lat' dir='ltr'>elucere</span> <span class='ocrx_word' id='word_1_22' title='bbox 1195 594 1347 672; x_wconf 78' lang='lat' dir='ltr'><strong>uidetur,</strong></span> 
     </span>
    </p>
   </div>
   <div class='ocr_carea' id='block_1_3' title="bbox 735 763 847 814">
    <p class='ocr_par' dir='ltr' id='par_1_3' title="bbox 735 763 847 814">
     <span class='ocr_line' id='line_1_4' title="bbox 735 763 847 814; baseline 0.009 -1"><span class='ocrx_word' id='word_1_23' title='bbox 735 763 847 814; x_wconf 81' lang='lat' dir='ltr'><strong>NOTAE</strong></span> 
     </span>
    </p>
   </div>
   <div class='ocr_carea' id='block_1_4' title="bbox 237 862 1403 1021">
    <p class='ocr_par' dir='ltr' id='par_1_4' title="bbox 237 862 1403 1021">
     <span class='ocr_line' id='line_1_5' title="bbox 237 862 1403 944; baseline -0.003 -14"><span class='ocrx_word' id='word_1_24' title='bbox 237 893 287 930; x_wconf 86' lang='lat' dir='ltr'><strong>nec</strong></span> <span class='ocrx_word' id='word_1_25' title='bbox 298 878 375 928; x_wconf 84' lang='lat' dir='ltr'><strong>fortis</strong></span> <span class='ocrx_word' id='word_1_26' title='bbox 387 878 514 942; x_wconf 79' lang='lat' dir='ltr'><strong>majorum</strong></span> <span class='ocrx_word' id='word_1_27' title='bbox 527 894 630 929; x_wconf 89' lang='lat' dir='ltr'><strong>suorum</strong></span> <span class='ocrx_word' id='word_1_28' title='bbox 650 881 771 944; x_wconf 85' lang='lat' dir='ltr'><strong>exempla</strong></span> <span class='ocrx_word' id='word_1_29' title='bbox 809 879 944 930; x_wconf 75' lang='lat' dir='ltr'><strong>scientium</strong></span> <span class='ocrx_word' id='word_1_30' title='bbox 961 887 1061 930; x_wconf 86' lang='lat' dir='ltr'><strong>retorta</strong></span> <span class='ocrx_word' id='word_1_31' title='bbox 1083 895 1188 944; x_wconf 87' lang='lat' dir='ltr'><strong>prorsus</strong></span> <span class='ocrx_word' id='word_1_32' title='bbox 1209 879 1348 928; x_wconf 67' lang='lat' dir='ltr'><strong>hebescat,</strong></span> <span class='ocrx_word' id='word_1_33' title='bbox 1402 862 1403 927; x_wconf 72' lang='lat' dir='ltr'><strong>l</strong></span> 
     </span>
     <span class='ocr_line' id='line_1_6' title="bbox 237 944 1403 1021; baseline -0.005 -15"><span class='ocrx_word' id='word_1_34' title='bbox 237 963 426 1020; x_wconf 85' lang='lat' dir='ltr'><strong>represserant,</strong></span> <span class='ocrx_word' id='word_1_35' title='bbox 445 963 570 1004; x_wconf 72' lang='lat' dir='ltr'><strong>matronae</strong></span> <span class='ocrx_word' id='word_1_36' title='bbox 585 957 706 1005; x_wconf 85' lang='lat' dir='ltr'><strong>Persides</strong></span> <span class='ocrx_word' id='word_1_37' title='bbox 726 972 770 1021; x_wconf 89' lang='lat' dir='ltr'><strong>pe·</strong></span> <span class='ocrx_word' id='word_1_38' title='bbox 810 957 935 1020; x_wconf 84' lang='lat' dir='ltr'><strong>Quisquis</strong></span> <span class='ocrx_word' id='word_1_39' title='bbox 957 956 1037 1020; x_wconf 90' lang='lat' dir='ltr'><strong>igitur</strong></span> <span class='ocrx_word' id='word_1_40' title='bbox 1057 954 1197 1004; x_wconf 87' lang='lat' dir='ltr'><strong>historicus</strong></span> <span class='ocrx_word' id='word_1_41' title='bbox 1216 952 1350 1017; x_wconf 76' lang='lat' dir='ltr'><strong>appellari</strong></span> <span class='ocrx_word' id='word_1_42' title='bbox 1402 944 1403 1011; x_wconf 57' lang='grc' dir='ltr'>Ξ</span> 
     </span>
    </p>
   </div>
   <div class='ocr_carea' id='block_1_5' title="bbox 236 1027 1351 1481">
    <p class='ocr_par' dir='ltr' id='par_1_5' title="bbox 236 1027 1351 1481">
     <span class='ocr_line' id='line_1_7' title="bbox 236 1027 1351 1097; baseline -0.004 -16"><span class='ocrx_word' id='word_1_43' title='bbox 236 1033 294 1097; x_wconf 87' lang='lat' dir='ltr'><strong>plns</strong></span> <span class='ocrx_word' id='word_1_44' title='bbox 307 1033 430 1096; x_wconf 80' lang='lat' dir='ltr'><strong>ipsaesibi</strong></span> <span class='ocrx_word' id='word_1_45' title='bbox 443 1047 502 1082; x_wconf 87' lang='lat' dir='ltr'><strong>suos</strong></span> <span class='ocrx_word' id='word_1_46' title='bbox 522 1032 618 1083; x_wconf 89' lang='lat' dir='ltr'><strong>abirno</strong></span> <span class='ocrx_word' id='word_1_47' title='bbox 638 1035 772 1084; x_wconf 85' lang='lat' dir='ltr'><strong>sustollen·</strong></span> <span class='ocrx_word' id='word_1_48' title='bbox 808 1031 915 1094; x_wconf 86' lang='lat' dir='ltr'><strong>meruit,</strong></span> <span class='ocrx_word' id='word_1_49' title='bbox 935 1043 977 1080; x_wconf 90' lang='lat' dir='ltr'><strong>res</strong></span> <span class='ocrx_word' id='word_1_50' title='bbox 1007 1032 1127 1080; x_wconf 70' lang='lat' dir='ltr'><strong>boumtss</strong></span> <span class='ocrx_word' id='word_1_51' title='bbox 1144 1037 1174 1079; x_wconf 85' lang='lat' dir='ltr'><strong>et</strong></span> <span class='ocrx_word' id='word_1_52' title='bbox 1192 1037 1282 1092; x_wconf 85' lang='lat' dir='ltr'><strong>turpes</strong></span> <span class='ocrx_word' id='word_1_53' title='bbox 1308 1027 1351 1076; x_wconf 89' lang='lat' dir='ltr'><strong>nti</strong></span> 
     </span>
     <span class='ocr_line' id='line_1_8' title="bbox 237 1106 1349 1174; baseline -0.005 -14"><span class='ocrx_word' id='word_1_54' title='bbox 237 1116 288 1168; x_wconf 85' lang='lat' dir='ltr'><strong>tes,</strong></span> <span class='ocrx_word' id='word_1_55' title='bbox 308 1110 550 1174; x_wconf 72' lang='lat' dir='ltr'><strong>interrogantesque</strong></span> <span class='ocrx_word' id='word_1_56' title='bbox 566 1125 598 1158; x_wconf 85' lang='lat' dir='ltr'><strong>an</strong></span> <span class='ocrx_word' id='word_1_57' title='bbox 617 1111 687 1173; x_wconf 90' lang='lat' dir='ltr'><strong>illuc,</strong></span> <span class='ocrx_word' id='word_1_58' title='bbox 699 1109 769 1160; x_wconf 87' lang='lat' dir='ltr'><strong>unde</strong></span> <span class='ocrx_word' id='word_1_59' title='bbox 810 1106 1218 1172; x_wconf 69' lang='lat' dir='ltr'><strong>qouquegestnsuntespouiti</strong></span> <span class='ocrx_word' id='word_1_60' title='bbox 1235 1115 1349 1155; x_wconf 76' lang='lat' dir='ltr'><strong>rectene</strong></span> 
     </span>
     <span class='ocr_line' id='line_1_9' title="bbox 236 1183 1349 1252; baseline -0.004 -16"><span class='ocrx_word' id='word_1_61' title='bbox 236 1184 287 1252; x_wconf 83' lang='lat' dir='ltr'><strong>ipsi</strong></span> <span class='ocrx_word' id='word_1_62' title='bbox 304 1183 421 1246; x_wconf 70' lang='lat' dir='ltr'><strong>tugsoem</strong></span> <span class='ocrx_word' id='word_1_63' title='bbox 434 1185 526 1247; x_wconf 86' lang='lat' dir='ltr'><strong>pedem</strong></span> <span class='ocrx_word' id='word_1_64' title='bbox 547 1184 658 1235; x_wconf 82' lang='lat' dir='ltr'><strong>infantes</strong></span> <span class='ocrx_word' id='word_1_65' title='bbox 669 1186 769 1236; x_wconf 88' lang='lat' dir='ltr'><strong>extule·</strong></span> <span class='ocrx_word' id='word_1_66' title='bbox 810 1200 842 1234; x_wconf 84' lang='lat' dir='ltr'><strong>nu</strong></span> <span class='ocrx_word' id='word_1_67' title='bbox 860 1199 934 1234; x_wconf 83' lang='lat' dir='ltr'><strong>seem</strong></span> <span class='ocrx_word' id='word_1_68' title='bbox 945 1183 1101 1247; x_wconf 76' lang='lat' dir='ltr'><strong>gestierint,</strong></span> <span class='ocrx_word' id='word_1_69' title='bbox 1119 1198 1190 1232; x_wconf 73' lang='lat' dir='ltr'><strong>curse</strong></span> <span class='ocrx_word' id='word_1_70' title='bbox 1210 1196 1267 1231; x_wconf 84' lang='lat' dir='ltr'><strong>esse</strong></span> <span class='ocrx_word' id='word_1_71' title='bbox 1289 1195 1349 1231; x_wconf 73' lang='lat' dir='ltr'><strong>snae</strong></span> 
     </span>
     <span class='ocr_line' id='line_1_10' title="bbox 237 1258 1349 1327; baseline -0.005 -15"><span class='ocrx_word' id='word_1_72' title='bbox 237 1269 306 1324; x_wconf 75' lang='lat' dir='ltr'><strong>runt,</strong></span> <span class='ocrx_word' id='word_1_73' title='bbox 318 1261 461 1326; x_wconf 71' lang='lat' dir='ltr'><strong>confugere</strong></span> <span class='ocrx_word' id='word_1_74' title='bbox 480 1263 588 1324; x_wconf 85' lang='lat' dir='ltr'><strong>vellent,</strong></span> <span class='ocrx_word' id='word_1_75' title='bbox 608 1262 711 1327; x_wconf 89' lang='lat' dir='ltr'><strong>objecto</strong></span> <span class='ocrx_word' id='word_1_76' title='bbox 723 1278 769 1325; x_wconf 90' lang='lat' dir='ltr'><strong>pu·</strong></span> <span class='ocrx_word' id='word_1_77' title='bbox 809 1260 853 1311; x_wconf 82' lang='lat' dir='ltr'><strong>vix</strong></span> <span class='ocrx_word' id='word_1_78' title='bbox 859 1267 946 1324; x_wconf 82' lang='lat' dir='ltr'><strong>putet,</strong></span> <span class='ocrx_word' id='word_1_79' title='bbox 956 1275 1015 1309; x_wconf 90' lang='lat' dir='ltr'><strong>curn</strong></span> <span class='ocrx_word' id='word_1_80' title='bbox 1023 1259 1045 1309; x_wconf 90' lang='lat' dir='ltr'><strong>is</strong></span> <span class='ocrx_word' id='word_1_81' title='bbox 1057 1261 1145 1324; x_wconf 88' lang='lat' dir='ltr'><strong>sitqui</strong></span> <span class='ocrx_word' id='word_1_82' title='bbox 1156 1261 1190 1309; x_wconf 83' lang='lat' dir='ltr'><strong>ab</strong></span> <span class='ocrx_word' id='word_1_83' title='bbox 1199 1258 1349 1308; x_wconf 68' lang='lat' dir='ltr'><strong>Aristotele</strong></span> 
     </span>
     <span class='ocr_line' id='line_1_11' title="bbox 237 1335 1351 1404; baseline -0.003 -16"><span class='ocrx_word' id='word_1_84' title='bbox 237 1339 299 1388; x_wconf 91' lang='lat' dir='ltr'><strong>dore</strong></span> <span class='ocrx_word' id='word_1_85' title='bbox 312 1341 339 1388; x_wconf 90' lang='lat' dir='ltr'><strong>iu</strong></span> <span class='ocrx_word' id='word_1_86' title='bbox 348 1339 456 1388; x_wconf 85' lang='lat' dir='ltr'><strong>mediam</strong></span> <span class='ocrx_word' id='word_1_87' title='bbox 468 1339 677 1404; x_wconf 85' lang='lat' dir='ltr'><strong>persequentium</strong></span> <span class='ocrx_word' id='word_1_88' title='bbox 686 1340 769 1388; x_wconf 88' lang='lat' dir='ltr'><strong>aciem</strong></span> <span class='ocrx_word' id='word_1_89' title='bbox 809 1337 906 1387; x_wconf 86' lang='lat' dir='ltr'><strong>dicitur</strong></span> <span class='ocrx_word' id='word_1_90' title='bbox 925 1335 999 1397; x_wconf 71' lang='lat' dir='ltr'><strong>niem</strong></span> <span class='ocrx_word' id='word_1_91' title='bbox 1012 1337 1053 1386; x_wconf 82' lang='lat' dir='ltr'><strong>sel</strong></span> <span class='ocrx_word' id='word_1_92' title='bbox 1064 1335 1217 1387; x_wconf 62' lang='lat' dir='ltr'><strong>mamas.</strong></span> <span class='ocrx_word' id='word_1_93' title='bbox 1249 1336 1351 1386; x_wconf 73' lang='lat' dir='ltr'><strong>Sotira·</strong></span> 
     </span>
     <span class='ocr_line' id='line_1_12' title="bbox 237 1412 1351 1481; baseline -0.003 -17"><span class='ocrx_word' id='word_1_94' title='bbox 237 1427 297 1464; x_wconf 87' lang='lat' dir='ltr'><strong>enrn</strong></span> <span class='ocrx_word' id='word_1_95' title='bbox 317 1415 426 1464; x_wconf 83' lang='lat' dir='ltr'><strong>victoris</strong></span> <span class='ocrx_word' id='word_1_96' title='bbox 448 1421 641 1465; x_wconf 86' lang='lat' dir='ltr'><strong>converterunt.</strong></span> <span class='ocrx_word' id='word_1_97' title='bbox 674 1415 769 1481; x_wconf 81' lang='lat' dir='ltr'><strong>Itaque</strong></span> <span class='ocrx_word' id='word_1_98' title='bbox 809 1427 867 1463; x_wconf 87' lang='lat' dir='ltr'><strong>rum</strong></span> <span class='ocrx_word' id='word_1_99' title='bbox 888 1414 1001 1475; x_wconf 88' lang='lat' dir='ltr'><strong>scriptor</strong></span> <span class='ocrx_word' id='word_1_100' title='bbox 1021 1427 1156 1462; x_wconf 87' lang='lat' dir='ltr'><strong>censuram</strong></span> <span class='ocrx_word' id='word_1_101' title='bbox 1178 1413 1235 1475; x_wconf 82' lang='lat' dir='ltr'><strong>agit</strong></span> <span class='ocrx_word' id='word_1_102' title='bbox 1263 1412 1351 1461; x_wconf 79' lang='lat' dir='ltr'><strong>etiarn</strong></span> 
     </span>
    </p>
   </div>
   <div class='ocr_carea' id='block_1_6' title="bbox 228 1478 1403 2013">
    <p class='ocr_par' dir='ltr' id='par_1_6' title="bbox 228 1478 1403 2013">
     <span class='ocr_line' id='line_1_13' title="bbox 228 1478 1403 1565; baseline -0.004 -23"><span class='ocrx_word' id='word_1_103' title='bbox 228 1490 572 1542; x_wconf 83' lang='lat' dir='ltr'><strong>¹noninntileesseuidetur</strong></span> <span class='ocrx_word' id='word_1_104' title='bbox 590 1491 770 1556; x_wconf 87' lang='lat' dir='ltr'><strong>rerumturpi-</strong></span> <span class='ocrx_word' id='word_1_105' title='bbox 809 1503 868 1537; x_wconf 89' lang='lat' dir='ltr'><strong>curn</strong></span> <span class='ocrx_word' id='word_1_106' title='bbox 888 1496 991 1549; x_wconf 88' lang='lat' dir='ltr'><strong>narrat;</strong></span> <span class='ocrx_word' id='word_1_107' title='bbox 1010 1488 1107 1538; x_wconf 85' lang='lat' dir='ltr'><strong>etenim</strong></span> <span class='ocrx_word' id='word_1_108' title='bbox 1126 1489 1209 1538; x_wconf 85' lang='lat' dir='ltr'><strong>instet</strong></span> <span class='ocrx_word' id='word_1_109' title='bbox 1230 1495 1349 1538; x_wconf 85' lang='lat' dir='ltr'><strong>ntnccn·</strong></span> <span class='ocrx_word' id='word_1_110' title='bbox 1402 1478 1403 1565; x_wconf 49' lang='lat' dir='ltr'><strong>i</strong></span> 
     </span>
     <span class='ocr_line' id='line_1_14' title="bbox 237 1564 1403 1630; baseline 0.001 -17"><span class='ocrx_word' id='word_1_111' title='bbox 237 1571 279 1615; x_wconf 91' lang='lat' dir='ltr'><strong>ter</strong></span> <span class='ocrx_word' id='word_1_112' title='bbox 304 1573 435 1628; x_wconf 82' lang='lat' dir='ltr'><strong>gestarum</strong></span> <span class='ocrx_word' id='word_1_113' title='bbox 458 1565 644 1630; x_wconf 78' lang='lat' dir='ltr'><strong>turpitudinem</strong></span> <span class='ocrx_word' id='word_1_114' title='bbox 668 1568 704 1616; x_wconf 92' lang='lat' dir='ltr'><strong>sic</strong></span> <span class='ocrx_word' id='word_1_115' title='bbox 726 1582 770 1616; x_wconf 88' lang='lat' dir='ltr'><strong>ex·</strong></span> <span class='ocrx_word' id='word_1_116' title='bbox 808 1571 887 1627; x_wconf 82' lang='lat' dir='ltr'><strong>sator,</strong></span> <span class='ocrx_word' id='word_1_117' title='bbox 898 1564 1017 1629; x_wconf 90' lang='lat' dir='ltr'><strong>disquirit</strong></span> <span class='ocrx_word' id='word_1_118' title='bbox 1035 1573 1065 1614; x_wconf 91' lang='lat' dir='ltr'><strong>ut</strong></span> <span class='ocrx_word' id='word_1_119' title='bbox 1080 1565 1175 1629; x_wconf 71' lang='lat' dir='ltr'><strong>iudex,</strong></span> <span class='ocrx_word' id='word_1_120' title='bbox 1186 1564 1300 1629; x_wconf 78' lang='lat' dir='ltr'><strong>castigat</strong></span> <span class='ocrx_word' id='word_1_121' title='bbox 1319 1570 1351 1614; x_wconf 86' lang='lat' dir='ltr'><strong>ut</strong></span> <span class='ocrx_word' id='word_1_122' title='bbox 1402 1572 1403 1621; x_wconf 62' lang='lat' dir='ltr'><strong>t</strong></span> 
     </span>
     <span class='ocr_line' id='line_1_15' title="bbox 239 1638 1403 1711; baseline -0.003 -20"><span class='ocrx_word' id='word_1_123' title='bbox 239 1641 363 1706; x_wconf 77' lang='lat' dir='ltr'><strong>probrare</strong></span> <span class='ocrx_word' id='word_1_124' title='bbox 383 1643 519 1702; x_wconf 88' lang='lat' dir='ltr'><strong>narrando,</strong></span> <span class='ocrx_word' id='word_1_125' title='bbox 541 1649 571 1691; x_wconf 91' lang='lat' dir='ltr'><strong>nt</strong></span> <span class='ocrx_word' id='word_1_126' title='bbox 590 1642 716 1706; x_wconf 88' lang='lat' dir='ltr'><strong>pudorem</strong></span> <span class='ocrx_word' id='word_1_127' title='bbox 736 1643 770 1693; x_wconf 90' lang='lat' dir='ltr'><strong>de</strong></span> <span class='ocrx_word' id='word_1_128' title='bbox 809 1638 914 1689; x_wconf 82' lang='lat' dir='ltr'><strong>vindex.</strong></span> <span class='ocrx_word' id='word_1_129' title='bbox 948 1641 1251 1689; x_wconf 82' lang='lat' dir='ltr'><strong>Fstsntemcsmmnnis</strong></span> <span class='ocrx_word' id='word_1_130' title='bbox 1270 1641 1352 1690; x_wconf 88' lang='lat' dir='ltr'><strong>bisto-</strong></span> <span class='ocrx_word' id='word_1_131' title='bbox 1402 1644 1403 1711; x_wconf 36' lang='lat' dir='ltr'><strong>q</strong></span> 
     </span>
     <span class='ocr_line' id='line_1_16' title="bbox 236 1715 1403 1782; baseline -0.002 -17"><span class='ocrx_word' id='word_1_132' title='bbox 236 1716 367 1768; x_wconf 81' lang='lat' dir='ltr'><strong>frontibus</strong></span> <span class='ocrx_word' id='word_1_133' title='bbox 387 1719 466 1768; x_wconf 88' lang='lat' dir='ltr'><strong>etiarn</strong></span> <span class='ocrx_word' id='word_1_134' title='bbox 485 1718 713 1782; x_wconf 85' lang='lat' dir='ltr'><strong>impudentissimis</strong></span> <span class='ocrx_word' id='word_1_135' title='bbox 726 1735 769 1770; x_wconf 81' lang='lat' dir='ltr'><strong>ea·</strong></span> <span class='ocrx_word' id='word_1_136' title='bbox 810 1718 857 1766; x_wconf 82' lang='lat' dir='ltr'><strong>ries</strong></span> <span class='ocrx_word' id='word_1_137' title='bbox 868 1717 1007 1781; x_wconf 81' lang='lat' dir='ltr'><strong>satiraeque</strong></span> <span class='ocrx_word' id='word_1_138' title='bbox 1023 1715 1150 1780; x_wconf 64' lang='lat' dir='ltr'><strong>supparis,</strong></span> <span class='ocrx_word' id='word_1_139' title='bbox 1168 1729 1351 1781; x_wconf 66' lang='lat' dir='ltr'><strong>truncaretur,</strong></span> <span class='ocrx_word' id='word_1_140' title='bbox 1402 1718 1403 1763; x_wconf 69' lang='lat' dir='ltr'><strong>i</strong></span> 
     </span>
     <span class='ocr_line' id='line_1_17' title="bbox 237 1792 1403 1860; baseline -0.003 -16"><span class='ocrx_word' id='word_1_141' title='bbox 237 1795 385 1859; x_wconf 70' lang='lat' dir='ltr'><strong>primanus.</strong></span> <span class='ocrx_word' id='word_1_142' title='bbox 421 1795 502 1844; x_wconf 83' lang='lat' dir='ltr'><strong>ltnmo</strong></span> <span class='ocrx_word' id='word_1_143' title='bbox 533 1796 582 1845; x_wconf 88' lang='lat' dir='ltr'><strong>boc</strong></span> <span class='ocrx_word' id='word_1_144' title='bbox 611 1796 771 1860; x_wconf 90' lang='lat' dir='ltr'><strong>potissimum</strong></span> <span class='ocrx_word' id='word_1_145' title='bbox 811 1792 974 1856; x_wconf 90' lang='lat' dir='ltr'><strong>nequidilla</strong></span> <span class='ocrx_word' id='word_1_146' title='bbox 995 1793 1049 1841; x_wconf 82' lang='lat' dir='ltr'><strong>veri</strong></span> <span class='ocrx_word' id='word_1_147' title='bbox 1071 1793 1159 1842; x_wconf 79' lang='lat' dir='ltr'><strong>dicere</strong></span> <span class='ocrx_word' id='word_1_148' title='bbox 1171 1807 1226 1841; x_wconf 89' lang='lat' dir='ltr'><strong>uon</strong></span> <span class='ocrx_word' id='word_1_149' title='bbox 1243 1793 1352 1853; x_wconf 80' lang='lat' dir='ltr'><strong>nudent,</strong></span> <span class='ocrx_word' id='word_1_150' title='bbox 1402 1796 1403 1853; x_wconf 70' lang='lat' dir='ltr'><strong>i</strong></span> 
     </span>
     <span class='ocr_line' id='line_1_18' title="bbox 239 1863 1403 1936; baseline -0.003 -18"><span class='ocrx_word' id='word_1_151' title='bbox 239 1871 374 1936; x_wconf 84' lang='lat' dir='ltr'><strong>quaeritur,</strong></span> <span class='ocrx_word' id='word_1_152' title='bbox 395 1871 446 1920; x_wconf 86' lang='lat' dir='ltr'><strong>isto</strong></span> <span class='ocrx_word' id='word_1_153' title='bbox 464 1869 609 1933; x_wconf 77' lang='lat' dir='ltr'><strong>praesertim</strong></span> <span class='ocrx_word' id='word_1_154' title='bbox 633 1871 771 1920; x_wconf 83' lang='lat' dir='ltr'><strong>satirarum</strong></span> <span class='ocrx_word' id='word_1_155' title='bbox 811 1882 879 1916; x_wconf 87' lang='lat' dir='ltr'><strong>neve</strong></span> <span class='ocrx_word' id='word_1_156' title='bbox 900 1867 1032 1932; x_wconf 77' lang='lat' dir='ltr'><strong>quidiste</strong></span> <span class='ocrx_word' id='word_1_157' title='bbox 1055 1867 1174 1930; x_wconf 82' lang='lat' dir='ltr'><strong>probrosi</strong></span> <span class='ocrx_word' id='word_1_158' title='bbox 1193 1863 1305 1930; x_wconf 82' lang='lat' dir='ltr'><strong>carpe&#39;re</strong></span> <span class='ocrx_word' id='word_1_159' title='bbox 1321 1875 1351 1915; x_wconf 90' lang='lat' dir='ltr'><strong>et</strong></span> <span class='ocrx_word' id='word_1_160' title='bbox 1402 1876 1403 1915; x_wconf 70' lang='lat' dir='ltr'><strong>t</strong></span> 
     </span>
     <span class='ocr_line' id='line_1_19' title="bbox 231 1922 1403 2013; baseline -0.005 -15"><span class='ocrx_word' id='word_1_161' title='bbox 231 1945 349 2012; x_wconf 80' lang='lat' dir='ltr'><strong>genere,</strong></span> <span class='ocrx_word' id='word_1_162' title='bbox 370 1947 439 2013; x_wconf 92' lang='lat' dir='ltr'><strong>quod</strong></span> <span class='ocrx_word' id='word_1_163' title='bbox 460 1962 560 1997; x_wconf 89' lang='lat' dir='ltr'><strong>morum</strong></span> <span class='ocrx_word' id='word_1_164' title='bbox 582 1947 772 1999; x_wconf 77' lang='lat' dir='ltr'><strong>imitationibus</strong></span> <span class='ocrx_word' id='word_1_165' title='bbox 812 1953 905 1994; x_wconf 86' lang='lat' dir='ltr'><strong>notare</strong></span> <span class='ocrx_word' id='word_1_166' title='bbox 932 1943 1062 1994; x_wconf 81' lang='lat' dir='ltr'><strong>formidet.</strong></span> <span class='ocrx_word' id='word_1_167' title='bbox 1105 1945 1199 2009; x_wconf 85' lang='lat' dir='ltr'><strong>ltaque</strong></span> <span class='ocrx_word' id='word_1_168' title='bbox 1230 1961 1290 1994; x_wconf 87' lang='lat' dir='ltr'><strong>cum</strong></span> <span class='ocrx_word' id='word_1_169' title='bbox 1316 1959 1351 1994; x_wconf 83' lang='lat' dir='ltr'><strong>ex</strong></span> <span class='ocrx_word' id='word_1_170' title='bbox 1402 1922 1403 1981; x_wconf 63' lang='grc' dir='ltr'>Ῐ</span> 
     </span>
    </p>
   </div>
   <div class='ocr_carea' id='block_1_7' title="bbox 239 2021 1352 2088">
    <p class='ocr_par' dir='ltr' id='par_1_7' title="bbox 239 2021 1352 2088">
     <span class='ocr_line' id='line_1_20' title="bbox 239 2021 1352 2088; baseline -0.003 -14"><span class='ocrx_word' id='word_1_171' title='bbox 239 2038 272 2074; x_wconf 86' lang='lat' dir='ltr'><strong>ec</strong></span> <span class='ocrx_word' id='word_1_172' title='bbox 296 2023 513 2088; x_wconf 83' lang='lat' dir='ltr'><strong>descriptionibus</strong></span> <span class='ocrx_word' id='word_1_173' title='bbox 533 2029 644 2074; x_wconf 86' lang='lat' dir='ltr'><strong>constat.</strong></span> <span class='ocrx_word' id='word_1_174' title='bbox 661 2022 704 2074; x_wconf 83' lang='lat' dir='ltr'><strong>cf.</strong></span> <span class='ocrx_word' id='word_1_175' title='bbox 718 2023 773 2074; x_wconf 86' lang='lat' dir='ltr'><strong>Ho-</strong></span> <span class='ocrx_word' id='word_1_176' title='bbox 812 2035 899 2072; x_wconf 84' lang='lat' dir='ltr'><strong>rernm</strong></span> <span class='ocrx_word' id='word_1_177' title='bbox 924 2029 1056 2086; x_wconf 84' lang='lat' dir='ltr'><strong>gestarum</strong></span> <span class='ocrx_word' id='word_1_178' title='bbox 1081 2021 1234 2086; x_wconf 72' lang='lat' dir='ltr'><strong>cognitione</strong></span> <span class='ocrx_word' id='word_1_179' title='bbox 1260 2037 1352 2086; x_wconf 82' lang='lat' dir='ltr'><strong>pravo·</strong></span> 
     </span>
    </p>
   </div>
   <div class='ocr_carea' id='block_1_8' title="bbox 239 2088 1403 2166">
    <p class='ocr_par' dir='ltr' id='par_1_8' title="bbox 239 2088 1403 2166">
     <span class='ocr_line' id='line_1_21' title="bbox 239 2088 1403 2166; baseline -0.002 -16"><span class='ocrx_word' id='word_1_180' title='bbox 239 2109 290 2150; x_wconf 87' lang='lat' dir='ltr'><strong>rat.</strong></span> <span class='ocrx_word' id='word_1_181' title='bbox 307 2101 363 2150; x_wconf 84' lang='lat' dir='ltr'><strong>Sat.</strong></span> <span class='ocrx_word' id='word_1_182' title='bbox 383 2115 402 2150; x_wconf 88' lang='lat' dir='ltr'><strong>r.</strong></span> <span class='ocrx_word' id='word_1_183' title='bbox 417 2105 441 2150; x_wconf 77' lang='lat'><strong>4.</strong></span> <span class='ocrx_word' id='word_1_184' title='bbox 453 2103 478 2151; x_wconf 72' lang='lat'><strong>2.</strong></span> <span class='ocrx_word' id='word_1_185' title='bbox 492 2117 530 2166; x_wconf 86' lang='lat' dir='ltr'><strong>sq.</strong></span> <span class='ocrx_word' id='word_1_186' title='bbox 550 2106 578 2149; x_wconf 89' lang='lat' dir='ltr'><strong>et</strong></span> <span class='ocrx_word' id='word_1_187' title='bbox 596 2113 628 2149; x_wconf 80' lang='grc' dir='ltr'><strong>ιι.</strong></span> <span class='ocrx_word' id='word_1_188' title='bbox 641 2103 717 2150; x_wconf 64' lang='lat' dir='ltr'><strong>Lon.</strong></span> <span class='ocrx_word' id='word_1_189' title='bbox 733 2115 772 2165; x_wconf 92' lang='lat' dir='ltr'><strong>sq.</strong></span> <span class='ocrx_word' id='word_1_190' title='bbox 814 2111 923 2162; x_wconf 87' lang='lat' dir='ltr'><strong>rumque</strong></span> <span class='ocrx_word' id='word_1_191' title='bbox 940 2112 1039 2146; x_wconf 87' lang='lat' dir='ltr'><strong>morum</strong></span> <span class='ocrx_word' id='word_1_192' title='bbox 1055 2097 1218 2148; x_wconf 87' lang='lat' dir='ltr'><strong>correctione</strong></span> <span class='ocrx_word' id='word_1_193' title='bbox 1237 2098 1352 2150; x_wconf 88' lang='lat' dir='ltr'><strong>babeant</strong></span> <span class='ocrx_word' id='word_1_194' title='bbox 1402 2088 1403 2113; x_wconf 71' lang='lat'>³</span> 
     </span>
    </p>
   </div>
   <div class='ocr_carea' id='block_1_9' title="bbox 235 2173 1352 4072">
    <p class='ocr_par' dir='ltr' id='par_1_9' title="bbox 235 2173 1352 4072">
     <span class='ocr_line' id='line_1_22' title="bbox 239 2173 1352 2238; baseline -0.004 -10"><span class='ocrx_word' id='word_1_195' title='bbox 239 2177 327 2228; x_wconf 76' lang='lat' dir='ltr'><strong>Quare</strong></span> <span class='ocrx_word' id='word_1_196' title='bbox 347 2176 433 2226; x_wconf 82' lang='lat' dir='ltr'><strong>mirari</strong></span> <span class='ocrx_word' id='word_1_197' title='bbox 451 2176 532 2237; x_wconf 88' lang='lat' dir='ltr'><strong>soleo,</strong></span> <span class='ocrx_word' id='word_1_198' title='bbox 543 2175 658 2224; x_wconf 87' lang='lat' dir='ltr'><strong>Plinium</strong></span> <span class='ocrx_word' id='word_1_199' title='bbox 678 2176 704 2225; x_wconf 90' lang='lat' dir='ltr'><strong>iu</strong></span> <span class='ocrx_word' id='word_1_200' title='bbox 722 2176 772 2225; x_wconf 86' lang='lat' dir='ltr'><strong>bis-</strong></span> <span class='ocrx_word' id='word_1_201' title='bbox 813 2173 939 2237; x_wconf 84' lang='lat' dir='ltr'><strong>homiues,</strong></span> <span class='ocrx_word' id='word_1_202' title='bbox 962 2173 1030 2223; x_wconf 90' lang='lat' dir='ltr'><strong>unde</strong></span> <span class='ocrx_word' id='word_1_203' title='bbox 1047 2174 1230 2238; x_wconf 83' lang='lat' dir='ltr'><strong>prudentiores</strong></span> <span class='ocrx_word' id='word_1_204' title='bbox 1248 2188 1281 2225; x_wconf 84' lang='lat' dir='ltr'><strong>ae</strong></span> <span class='ocrx_word' id='word_1_205' title='bbox 1298 2190 1352 2224; x_wconf 88' lang='lat' dir='ltr'><strong>rue·</strong></span> 
     </span>
     <span class='ocr_line' id='line_1_23' title="bbox 238 2250 1349 2317; baseline -0.002 -13"><span class='ocrx_word' id='word_1_206' title='bbox 238 2253 313 2304; x_wconf 77' lang='lat' dir='ltr'><strong>toriae</strong></span> <span class='ocrx_word' id='word_1_207' title='bbox 341 2254 466 2304; x_wconf 82' lang='lat' dir='ltr'><strong>naturalis</strong></span> <span class='ocrx_word' id='word_1_208' title='bbox 486 2267 566 2317; x_wconf 87' lang='lat' dir='ltr'><strong>opere</strong></span> <span class='ocrx_word' id='word_1_209' title='bbox 592 2251 703 2302; x_wconf 84' lang='lat' dir='ltr'><strong>mirabili</strong></span> <span class='ocrx_word' id='word_1_210' title='bbox 730 2269 762 2303; x_wconf 86' lang='lat' dir='ltr'><strong>ec</strong></span> <span class='ocrx_word' id='word_1_211' title='bbox 812 2250 978 2310; x_wconf 74' lang='lat' dir='ltr'><strong>lioresiiant3</strong></span> <span class='ocrx_word' id='word_1_212' title='bbox 996 2258 1134 2316; x_wconf 86' lang='lat' dir='ltr'><strong>utromque</strong></span> <span class='ocrx_word' id='word_1_213' title='bbox 1151 2253 1349 2302; x_wconf 85' lang='lat' dir='ltr'><strong>sutemabbis-</strong></span> 
     </span>
     <span class='ocr_line' id='line_1_24' title="bbox 237 2326 1350 2397; baseline 0.002 -20"><span class='ocrx_word' id='word_1_214' title='bbox 237 2333 314 2397; x_wconf 79' lang='lat' dir='ltr'><strong>plane</strong></span> <span class='ocrx_word' id='word_1_215' title='bbox 332 2331 419 2380; x_wconf 87' lang='lat' dir='ltr'><strong>divino</strong></span> <span class='ocrx_word' id='word_1_216' title='bbox 440 2333 477 2382; x_wconf 79' lang='lat' dir='ltr'><strong>sic</strong></span> <span class='ocrx_word' id='word_1_217' title='bbox 499 2345 554 2382; x_wconf 78' lang='lat' dir='ltr'><strong>ease</strong></span> <span class='ocrx_word' id='word_1_218' title='bbox 572 2331 713 2397; x_wconf 79' lang='lat' dir='ltr'><strong>opinatum,</strong></span> <span class='ocrx_word' id='word_1_219' title='bbox 734 2337 765 2382; x_wconf 83' lang='lat' dir='ltr'><strong>ut</strong></span> <span class='ocrx_word' id='word_1_220' title='bbox 814 2327 884 2377; x_wconf 80' lang='lat' dir='ltr'><strong>toris</strong></span> <span class='ocrx_word' id='word_1_221' title='bbox 897 2333 925 2376; x_wconf 87' lang='lat' dir='ltr'><strong>et</strong></span> <span class='ocrx_word' id='word_1_222' title='bbox 935 2329 1017 2376; x_wconf 78' lang='lat' dir='ltr'><strong>salira</strong></span> <span class='ocrx_word' id='word_1_223' title='bbox 1022 2326 1213 2390; x_wconf 84' lang='lat' dir='ltr'><strong>jucundissime</strong></span> <span class='ocrx_word' id='word_1_224' title='bbox 1228 2327 1350 2379; x_wconf 69' lang='lat' dir='ltr'><strong>conficis·</strong></span> 
     </span>
     <span class='ocr_line' id='line_1_25' title="bbox 240 2405 1350 2472; baseline -0.002 -16"><span class='ocrx_word' id='word_1_225' title='bbox 240 2407 350 2471; x_wconf 88' lang='lat' dir='ltr'><strong>diceret,</strong></span> <span class='ocrx_word' id='word_1_226' title='bbox 371 2407 436 2456; x_wconf 79' lang='lat' dir='ltr'><strong>mira</strong></span> <span class='ocrx_word' id='word_1_227' title='bbox 457 2407 561 2457; x_wconf 85' lang='lat' dir='ltr'><strong>hnmani</strong></span> <span class='ocrx_word' id='word_1_228' title='bbox 582 2407 681 2470; x_wconf 80' lang='lat' dir='ltr'><strong>ingenii</strong></span> <span class='ocrx_word' id='word_1_229' title='bbox 698 2413 774 2472; x_wconf 88' lang='lat' dir='ltr'><strong>peste</strong></span> <span class='ocrx_word' id='word_1_230' title='bbox 814 2408 873 2452; x_wconf 78' lang='lat' dir='ltr'><strong>tur:</strong></span> <span class='ocrx_word' id='word_1_231' title='bbox 891 2418 943 2453; x_wconf 87' lang='lat' dir='ltr'><strong>nnn</strong></span> <span class='ocrx_word' id='word_1_232' title='bbox 963 2417 1146 2469; x_wconf 73' lang='lat' dir='ltr'><strong>usquequaque</strong></span> <span class='ocrx_word' id='word_1_233' title='bbox 1160 2419 1302 2468; x_wconf 83' lang='lat' dir='ltr'><strong>perperam</strong></span> <span class='ocrx_word' id='word_1_234' title='bbox 1312 2405 1350 2454; x_wconf 84' lang='lat' dir='ltr'><strong>fe-</strong></span> 
     </span>
     <span class='ocr_line' id='line_1_26' title="bbox 239 2479 1350 2547; baseline -0.003 -14"><span class='ocrx_word' id='word_1_235' title='bbox 239 2484 387 2547; x_wconf 78' lang='lat' dir='ltr'><strong>sanguinem</strong></span> <span class='ocrx_word' id='word_1_236' title='bbox 408 2489 436 2532; x_wconf 90' lang='lat' dir='ltr'><strong>et</strong></span> <span class='ocrx_word' id='word_1_237' title='bbox 466 2483 551 2534; x_wconf 75' lang='lat' dir='ltr'><strong>cordes</strong></span> <span class='ocrx_word' id='word_1_238' title='bbox 581 2485 658 2533; x_wconf 89' lang='lat' dir='ltr'><strong>condi</strong></span> <span class='ocrx_word' id='word_1_239' title='bbox 675 2483 774 2534; x_wconf 87' lang='lat' dir='ltr'><strong>auusli·</strong></span> <span class='ocrx_word' id='word_1_240' title='bbox 813 2479 881 2530; x_wconf 87' lang='lat' dir='ltr'><strong>cisse</strong></span> <span class='ocrx_word' id='word_1_241' title='bbox 892 2481 1025 2543; x_wconf 81' lang='lat' dir='ltr'><strong>videntur,</strong></span> <span class='ocrx_word' id='word_1_242' title='bbox 1036 2481 1082 2545; x_wconf 94' lang='lat' dir='ltr'><strong>qui</strong></span> <span class='ocrx_word' id='word_1_243' title='bbox 1101 2481 1212 2543; x_wconf 84' lang='lat' dir='ltr'><strong>ingeniis</strong></span> <span class='ocrx_word' id='word_1_244' title='bbox 1223 2495 1276 2532; x_wconf 86' lang='lat' dir='ltr'><strong>una</strong></span> <span class='ocrx_word' id='word_1_245' title='bbox 1292 2497 1350 2531; x_wconf 86' lang='lat' dir='ltr'><strong>eum</strong></span> 
     </span>
     <span class='ocr_line' id='line_1_27' title="bbox 239 2555 1348 2622; baseline 0 -14"><span class='ocrx_word' id='word_1_246' title='bbox 239 2559 296 2622; x_wconf 91' lang='lat' dir='ltr'><strong>bus,</strong></span> <span class='ocrx_word' id='word_1_247' title='bbox 334 2560 400 2608; x_wconf 91' lang='lat' dir='ltr'><strong>uude</strong></span> <span class='ocrx_word' id='word_1_248' title='bbox 426 2559 557 2608; x_wconf 88' lang='lat' dir='ltr'><strong>bominum</strong></span> <span class='ocrx_word' id='word_1_249' title='bbox 584 2561 683 2609; x_wconf 83' lang='lat' dir='ltr'><strong>scelera</strong></span> <span class='ocrx_word' id='word_1_250' title='bbox 716 2573 774 2608; x_wconf 89' lang='lat' dir='ltr'><strong>nos-</strong></span> <span class='ocrx_word' id='word_1_251' title='bbox 814 2555 925 2620; x_wconf 85' lang='lat' dir='ltr'><strong>imperio</strong></span> <span class='ocrx_word' id='word_1_252' title='bbox 937 2558 1053 2606; x_wconf 84' lang='lat' dir='ltr'><strong>Romano</strong></span> <span class='ocrx_word' id='word_1_253' title='bbox 1064 2557 1274 2621; x_wconf 85' lang='lat' dir='ltr'><strong>senescentibus,</strong></span> <span class='ocrx_word' id='word_1_254' title='bbox 1291 2574 1348 2608; x_wconf 86' lang='lat' dir='ltr'><strong>curn</strong></span> 
     </span>
     <span class='ocr_line' id='line_1_28' title="bbox 239 2631 1348 2696; baseline 0 -12"><span class='ocrx_word' id='word_1_255' title='bbox 239 2640 341 2684; x_wconf 87' lang='lat' dir='ltr'><strong>cantur.</strong></span> <span class='ocrx_word' id='word_1_256' title='bbox 381 2635 461 2686; x_wconf 71' lang='lat' dir='ltr'><strong>(irrasi</strong></span> <span class='ocrx_word' id='word_1_257' title='bbox 483 2639 591 2683; x_wconf 89' lang='lat' dir='ltr'><strong>cunctos</strong></span> <span class='ocrx_word' id='word_1_258' title='bbox 611 2633 643 2682; x_wconf 85' lang='lat' dir='ltr'><strong>ab</strong></span> <span class='ocrx_word' id='word_1_259' title='bbox 664 2634 774 2683; x_wconf 79' lang='lat' dir='ltr'><strong>historin</strong></span> <span class='ocrx_word' id='word_1_260' title='bbox 807 2632 864 2696; x_wconf 81' lang='lat' dir='ltr'><strong>jain</strong></span> <span class='ocrx_word' id='word_1_261' title='bbox 886 2632 965 2682; x_wconf 87' lang='lat' dir='ltr'><strong>libros</strong></span> <span class='ocrx_word' id='word_1_262' title='bbox 988 2632 1072 2682; x_wconf 85' lang='lat' dir='ltr'><strong>auimo</strong></span> <span class='ocrx_word' id='word_1_263' title='bbox 1096 2631 1252 2684; x_wconf 74' lang='lat' dir='ltr'><strong>fastidiente</strong></span> <span class='ocrx_word' id='word_1_264' title='bbox 1280 2634 1348 2684; x_wconf 81' lang='lat' dir='ltr'><strong>mele</strong></span> 
     </span>
     <span class='ocr_line' id='line_1_29' title="bbox 240 2707 1349 2775; baseline 0.002 -16"><span class='ocrx_word' id='word_1_265' title='bbox 240 2708 374 2759; x_wconf 84' lang='lat' dir='ltr'><strong>dehortari</strong></span> <span class='ocrx_word' id='word_1_266' title='bbox 386 2707 507 2771; x_wconf 83' lang='lat' dir='ltr'><strong>uoluerit,</strong></span> <span class='ocrx_word' id='word_1_267' title='bbox 527 2708 570 2773; x_wconf 93' lang='lat' dir='ltr'><strong>qui</strong></span> <span class='ocrx_word' id='word_1_268' title='bbox 587 2715 673 2759; x_wconf 85' lang='lat' dir='ltr'><strong>tamen</strong></span> <span class='ocrx_word' id='word_1_269' title='bbox 693 2711 773 2773; x_wconf 88' lang='lat' dir='ltr'><strong>pessi·</strong></span> <span class='ocrx_word' id='word_1_270' title='bbox 813 2710 1079 2774; x_wconf 82' lang='lat' dir='ltr'><strong>singulostnugereut,</strong></span> <span class='ocrx_word' id='word_1_271' title='bbox 1090 2711 1208 2775; x_wconf 88' lang='lat' dir='ltr'><strong>adeoque</strong></span> <span class='ocrx_word' id='word_1_272' title='bbox 1217 2711 1349 2762; x_wconf 82' lang='lat' dir='ltr'><strong>doctrinas</strong></span> 
     </span>
     <span class='ocr_line' id='line_1_30' title="bbox 237 2783 1350 2851; baseline 0.004 -17"><span class='ocrx_word' id='word_1_273' title='bbox 237 2799 338 2835; x_wconf 77' lang='lat' dir='ltr'><strong>morunt</strong></span> <span class='ocrx_word' id='word_1_274' title='bbox 360 2784 524 2848; x_wconf 86' lang='lat' dir='ltr'><strong>Principum,</strong></span> <span class='ocrx_word' id='word_1_275' title='bbox 542 2799 591 2834; x_wconf 88' lang='lat' dir='ltr'><strong>uec</strong></span> <span class='ocrx_word' id='word_1_276' title='bbox 613 2783 696 2834; x_wconf 86' lang='lat' dir='ltr'><strong>miuus</strong></span> <span class='ocrx_word' id='word_1_277' title='bbox 721 2786 774 2851; x_wconf 89' lang='lat' dir='ltr'><strong>qni·</strong></span> <span class='ocrx_word' id='word_1_278' title='bbox 812 2791 843 2834; x_wconf 91' lang='lat' dir='ltr'><strong>ut</strong></span> <span class='ocrx_word' id='word_1_279' title='bbox 854 2800 953 2836; x_wconf 83' lang='lat' dir='ltr'><strong>venena</strong></span> <span class='ocrx_word' id='word_1_280' title='bbox 973 2785 1176 2849; x_wconf 86' lang='lat' dir='ltr'><strong>detestarentur,</strong></span> <span class='ocrx_word' id='word_1_281' title='bbox 1192 2786 1350 2838; x_wconf 81' lang='lat' dir='ltr'><strong>Juvenslent</strong></span> 
     </span>
     <span class='ocr_line' id='line_1_31' title="bbox 240 2859 1348 2926; baseline 0.003 -15"><span class='ocrx_word' id='word_1_282' title='bbox 240 2861 298 2911; x_wconf 86' lang='lat' dir='ltr'><strong>dem</strong></span> <span class='ocrx_word' id='word_1_283' title='bbox 321 2861 402 2926; x_wconf 82' lang='lat' dir='ltr'><strong>ipsius</strong></span> <span class='ocrx_word' id='word_1_284' title='bbox 413 2859 526 2911; x_wconf 88' lang='lat' dir='ltr'><strong>Neronis</strong></span> <span class='ocrx_word' id='word_1_285' title='bbox 548 2874 590 2910; x_wconf 88' lang='lat' dir='ltr'><strong>res</strong></span> <span class='ocrx_word' id='word_1_286' title='bbox 603 2867 689 2925; x_wconf 82' lang='lat' dir='ltr'><strong>gestas</strong></span> <span class='ocrx_word' id='word_1_287' title='bbox 699 2861 773 2910; x_wconf 88' lang='lat' dir='ltr'><strong>libris</strong></span> <span class='ocrx_word' id='word_1_288' title='bbox 814 2868 843 2911; x_wconf 90' lang='lat' dir='ltr'><strong>et</strong></span> <span class='ocrx_word' id='word_1_289' title='bbox 862 2862 974 2912; x_wconf 84' lang='lat' dir='ltr'><strong>Marium</strong></span> <span class='ocrx_word' id='word_1_290' title='bbox 987 2862 1131 2912; x_wconf 85' lang='lat' dir='ltr'><strong>Maximum</strong></span> <span class='ocrx_word' id='word_1_291' title='bbox 1149 2863 1284 2913; x_wconf 76' lang='lat' dir='ltr'><strong>candore</strong></span> <span class='ocrx_word' id='word_1_292' title='bbox 1294 2873 1348 2914; x_wconf 87' lang='lat' dir='ltr'><strong>stu-</strong></span> 
     </span>
     <span class='ocr_line' id='line_1_32' title="bbox 240 2935 1351 3002; baseline 0.005 -16"><span class='ocrx_word' id='word_1_293' title='bbox 240 2950 320 2986; x_wconf 82' lang='lat' dir='ltr'><strong>xxxr.</strong></span> <span class='ocrx_word' id='word_1_294' title='bbox 341 2937 420 2986; x_wconf 85' lang='lat' dir='ltr'><strong>afiue</strong></span> <span class='ocrx_word' id='word_1_295' title='bbox 441 2935 622 2985; x_wconf 80' lang='lat' dir='ltr'><strong>AufidiiBassi</strong></span> <span class='ocrx_word' id='word_1_296' title='bbox 642 2936 775 3000; x_wconf 89' lang='lat' dir='ltr'><strong>conscrip·</strong></span> <span class='ocrx_word' id='word_1_297' title='bbox 814 2937 867 2999; x_wconf 89' lang='lat' dir='ltr'><strong>dio,</strong></span> <span class='ocrx_word' id='word_1_298' title='bbox 890 2944 920 2987; x_wconf 91' lang='lat' dir='ltr'><strong>ut</strong></span> <span class='ocrx_word' id='word_1_299' title='bbox 936 2938 1023 3002; x_wconf 87' lang='lat' dir='ltr'><strong>iuquit</strong></span> <span class='ocrx_word' id='word_1_300' title='bbox 1044 2937 1195 2987; x_wconf 81' lang='lat' dir='ltr'><strong>Ammianus</strong></span> <span class='ocrx_word' id='word_1_301' title='bbox 1217 2939 1351 2991; x_wconf 82' lang='lat' dir='ltr'><strong>Mareelli-</strong></span> 
     </span>
     <span class='ocr_line' id='line_1_33' title="bbox 241 3013 1349 3080; baseline 0.004 -18"><span class='ocrx_word' id='word_1_302' title='bbox 241 3023 320 3074; x_wconf 86' lang='lat' dir='ltr'><strong>serat,</strong></span> <span class='ocrx_word' id='word_1_303' title='bbox 332 3029 396 3078; x_wconf 89' lang='lat' dir='ltr'><strong>quos</strong></span> <span class='ocrx_word' id='word_1_304' title='bbox 408 3014 488 3063; x_wconf 87' lang='lat' dir='ltr'><strong>libros</strong></span> <span class='ocrx_word' id='word_1_305' title='bbox 498 3013 595 3062; x_wconf 74' lang='lat' dir='ltr'><strong>utlnnu</strong></span> <span class='ocrx_word' id='word_1_306' title='bbox 612 3013 687 3063; x_wconf 92' lang='lat' dir='ltr'><strong>nobis</strong></span> <span class='ocrx_word' id='word_1_307' title='bbox 699 3027 774 3077; x_wconf 84' lang='lat' dir='ltr'><strong>supe·</strong></span> <span class='ocrx_word' id='word_1_308' title='bbox 812 3025 870 3075; x_wconf 87' lang='lat' dir='ltr'><strong>nus,</strong></span> <span class='ocrx_word' id='word_1_309' title='bbox 882 3013 1047 3076; x_wconf 82' lang='lat' dir='ltr'><strong>lectitabant,</strong></span> <span class='ocrx_word' id='word_1_310' title='bbox 1057 3014 1128 3062; x_wconf 85' lang='lat' dir='ltr'><strong>nulls</strong></span> <span class='ocrx_word' id='word_1_311' title='bbox 1142 3015 1275 3064; x_wconf 83' lang='lat' dir='ltr'><strong>uolumina</strong></span> <span class='ocrx_word' id='word_1_312' title='bbox 1283 3031 1349 3080; x_wconf 75' lang='lat' dir='ltr'><strong>prse-</strong></span> 
     </span>
     <span class='ocr_line' id='line_1_34' title="bbox 239 3089 1349 3154; baseline 0.004 -16"><span class='ocrx_word' id='word_1_313' title='bbox 239 3091 308 3139; x_wconf 90' lang='lat' dir='ltr'><strong>riora</strong></span> <span class='ocrx_word' id='word_1_314' title='bbox 320 3091 415 3140; x_wconf 73' lang='lat' dir='ltr'><strong>secula</strong></span> <span class='ocrx_word' id='word_1_315' title='bbox 437 3105 488 3140; x_wconf 89' lang='lat' dir='ltr'><strong>uon</strong></span> <span class='ocrx_word' id='word_1_316' title='bbox 504 3089 664 3152; x_wconf 79' lang='lat' dir='ltr'><strong>invidissent,</strong></span> <span class='ocrx_word' id='word_1_317' title='bbox 681 3094 773 3138; x_wconf 83' lang='lat' dir='ltr'><strong>etmo·</strong></span> <span class='ocrx_word' id='word_1_318' title='bbox 815 3093 856 3137; x_wconf 89' lang='lat' dir='ltr'><strong>ter</strong></span> <span class='ocrx_word' id='word_1_319' title='bbox 877 3089 934 3138; x_wconf 77' lang='lat' dir='ltr'><strong>boec</strong></span> <span class='ocrx_word' id='word_1_320' title='bbox 957 3089 983 3138; x_wconf 92' lang='lat' dir='ltr'><strong>in</strong></span> <span class='ocrx_word' id='word_1_321' title='bbox 1003 3089 1133 3154; x_wconf 85' lang='lat' dir='ltr'><strong>profundo</strong></span> <span class='ocrx_word' id='word_1_322' title='bbox 1154 3090 1209 3139; x_wconf 85' lang='lat' dir='ltr'><strong>otio</strong></span> <span class='ocrx_word' id='word_1_323' title='bbox 1228 3099 1349 3142; x_wconf 82' lang='lat' dir='ltr'><strong>contrec-</strong></span> 
     </span>
     <span class='ocr_line' id='line_1_35' title="bbox 240 3165 1350 3231; baseline 0.001 -14"><span class='ocrx_word' id='word_1_324' title='bbox 240 3182 295 3217; x_wconf 82' lang='lat' dir='ltr'><strong>renr</strong></span> <span class='ocrx_word' id='word_1_325' title='bbox 315 3168 386 3216; x_wconf 88' lang='lat' dir='ltr'><strong>illum</strong></span> <span class='ocrx_word' id='word_1_326' title='bbox 405 3173 533 3230; x_wconf 87' lang='lat' dir='ltr'><strong>veterem,</strong></span> <span class='ocrx_word' id='word_1_327' title='bbox 544 3181 620 3231; x_wconf 89' lang='lat' dir='ltr'><strong>quem</strong></span> <span class='ocrx_word' id='word_1_328' title='bbox 641 3165 674 3216; x_wconf 88' lang='lat' dir='ltr'><strong>ad</strong></span> <span class='ocrx_word' id='word_1_329' title='bbox 694 3165 772 3215; x_wconf 88' lang='lat' dir='ltr'><strong>Pom·</strong></span> <span class='ocrx_word' id='word_1_330' title='bbox 812 3169 911 3216; x_wconf 82' lang='lat' dir='ltr'><strong>tentes:</strong></span> <span class='ocrx_word' id='word_1_331' title='bbox 929 3179 1024 3230; x_wconf 86' lang='lat' dir='ltr'><strong>nempe</strong></span> <span class='ocrx_word' id='word_1_332' title='bbox 1036 3165 1220 3231; x_wconf 72' lang='lat' dir='ltr'><strong>seguitiusnnr</strong></span> <span class='ocrx_word' id='word_1_333' title='bbox 1240 3166 1350 3219; x_wconf 79' lang='lat' dir='ltr'><strong>delicies</strong></span> 
     </span>
     <span class='ocr_line' id='line_1_36' title="bbox 240 3238 1349 3309; baseline 0.005 -19"><span class='ocrx_word' id='word_1_334' title='bbox 240 3242 293 3307; x_wconf 87' lang='lat' dir='ltr'><strong>peii</strong></span> <span class='ocrx_word' id='word_1_335' title='bbox 305 3243 343 3290; x_wconf 87' lang='lat' dir='ltr'><strong>M.</strong></span> <span class='ocrx_word' id='word_1_336' title='bbox 362 3249 481 3306; x_wconf 84' lang='lat' dir='ltr'><strong>tempora</strong></span> <span class='ocrx_word' id='word_1_337' title='bbox 498 3240 624 3291; x_wconf 88' lang='lat' dir='ltr'><strong>mansisse</strong></span> <span class='ocrx_word' id='word_1_338' title='bbox 637 3240 773 3291; x_wconf 86' lang='lat' dir='ltr'><strong>Comelins</strong></span> <span class='ocrx_word' id='word_1_339' title='bbox 813 3238 956 3303; x_wconf 80' lang='lat' dir='ltr'><strong>ssciebnnt,</strong></span> <span class='ocrx_word' id='word_1_340' title='bbox 967 3241 1203 3309; x_wconf 83' lang='lat' dir='ltr'><strong>existimsbantqne</strong></span> <span class='ocrx_word' id='word_1_341' title='bbox 1213 3243 1349 3308; x_wconf 84' lang='lat' dir='ltr'><strong>ingentem</strong></span> 
     </span>
     <span class='ocr_line' id='line_1_37' title="bbox 235 3317 1349 3385; baseline 0.001 -16"><span class='ocrx_word' id='word_1_342' title='bbox 235 3319 331 3384; x_wconf 75' lang='lat' dir='ltr'><strong>⁴Nepos</strong></span> <span class='ocrx_word' id='word_1_343' title='bbox 357 3318 476 3380; x_wconf 77' lang='lat' dir='ltr'><strong>tradidit,</strong></span> <span class='ocrx_word' id='word_1_344' title='bbox 506 3317 623 3368; x_wconf 81' lang='lat' dir='ltr'><strong>reuocari</strong></span> <span class='ocrx_word' id='word_1_345' title='bbox 647 3319 774 3384; x_wconf 74' lang='lat' dir='ltr'><strong>placeret,</strong></span> <span class='ocrx_word' id='word_1_346' title='bbox 812 3317 968 3383; x_wconf 82' lang='lat' dir='ltr'><strong>scriptorum</strong></span> <span class='ocrx_word' id='word_1_347' title='bbox 994 3318 1098 3368; x_wconf 83' lang='lat' dir='ltr'><strong>turbam</strong></span> <span class='ocrx_word' id='word_1_348' title='bbox 1123 3319 1221 3383; x_wconf 88' lang='lat' dir='ltr'><strong>negligi</strong></span> <span class='ocrx_word' id='word_1_349' title='bbox 1242 3319 1349 3385; x_wconf 88' lang='lat' dir='ltr'><strong>impune</strong></span> 
     </span>
     <span class='ocr_line' id='line_1_38' title="bbox 239 3392 1349 3459; baseline 0.003 -15"><span class='ocrx_word' id='word_1_350' title='bbox 239 3395 348 3446; x_wconf 88' lang='lat' dir='ltr'><strong>historia</strong></span> <span class='ocrx_word' id='word_1_351' title='bbox 376 3409 427 3444; x_wconf 90' lang='lat' dir='ltr'><strong>uon</strong></span> <span class='ocrx_word' id='word_1_352' title='bbox 449 3393 500 3444; x_wconf 88' lang='lat' dir='ltr'><strong>uisi</strong></span> <span class='ocrx_word' id='word_1_353' title='bbox 530 3395 562 3444; x_wconf 86' lang='lat' dir='ltr'><strong>sb</strong></span> <span class='ocrx_word' id='word_1_354' title='bbox 590 3395 773 3447; x_wconf 85' lang='lat' dir='ltr'><strong>honestissimo</strong></span> <span class='ocrx_word' id='word_1_355' title='bbox 812 3399 892 3458; x_wconf 87' lang='lat' dir='ltr'><strong>atque</strong></span> <span class='ocrx_word' id='word_1_356' title='bbox 902 3392 1009 3458; x_wconf 90' lang='lat' dir='ltr'><strong>insuper</strong></span> <span class='ocrx_word' id='word_1_357' title='bbox 1018 3394 1116 3459; x_wconf 81' lang='lat' dir='ltr'><strong>baberi,</strong></span> <span class='ocrx_word' id='word_1_358' title='bbox 1124 3393 1186 3443; x_wconf 87' lang='lat' dir='ltr'><strong>dnm</strong></span> <span class='ocrx_word' id='word_1_359' title='bbox 1196 3401 1270 3445; x_wconf 79' lang='lat' dir='ltr'><strong>emet</strong></span> <span class='ocrx_word' id='word_1_360' title='bbox 1279 3397 1349 3447; x_wconf 87' lang='lat' dir='ltr'><strong>unde</strong></span> 
     </span>
     <span class='ocr_line' id='line_1_39' title="bbox 239 3469 1348 3538; baseline 0.005 -17"><span class='ocrx_word' id='word_1_361' title='bbox 239 3473 345 3538; x_wconf 87' lang='lat' dir='ltr'><strong>qnoqn&#39;e</strong></span> <span class='ocrx_word' id='word_1_362' title='bbox 372 3469 547 3520; x_wconf 85' lang='lat' dir='ltr'><strong>scriberetur:</strong></span> <span class='ocrx_word' id='word_1_363' title='bbox 576 3472 614 3521; x_wconf 87' lang='lat' dir='ltr'><strong>sic</strong></span> <span class='ocrx_word' id='word_1_364' title='bbox 641 3472 711 3523; x_wconf 89' lang='lat' dir='ltr'><strong>enirn</strong></span> <span class='ocrx_word' id='word_1_365' title='bbox 739 3470 774 3522; x_wconf 87' lang='lat' dir='ltr'><strong>sd</strong></span> <span class='ocrx_word' id='word_1_366' title='bbox 812 3475 841 3520; x_wconf 86' lang='lat' dir='ltr'><strong>et</strong></span> <span class='ocrx_word' id='word_1_367' title='bbox 856 3470 970 3521; x_wconf 89' lang='lat' dir='ltr'><strong>moribus</strong></span> <span class='ocrx_word' id='word_1_368' title='bbox 991 3469 1213 3535; x_wconf 82' lang='lat' dir='ltr'><strong>depravatissimis</strong></span> <span class='ocrx_word' id='word_1_369' title='bbox 1230 3479 1348 3526; x_wconf 81' lang='lat' dir='ltr'><strong>extrem</strong></span> 
     </span>
     <span class='ocr_line' id='line_1_40' title="bbox 240 3543 1347 3611; baseline 0.002 -13"><span class='ocrx_word' id='word_1_370' title='bbox 240 3548 418 3611; x_wconf 83' lang='lat' dir='ltr'><strong>exemplorum</strong></span> <span class='ocrx_word' id='word_1_371' title='bbox 437 3543 664 3596; x_wconf 85' lang='lat' dir='ltr'><strong>fidemsccederet</strong></span> <span class='ocrx_word' id='word_1_372' title='bbox 678 3547 774 3598; x_wconf 84' lang='lat' dir='ltr'><strong>eximis</strong></span> <span class='ocrx_word' id='word_1_373' title='bbox 813 3545 936 3611; x_wconf 83' lang='lat' dir='ltr'><strong>remedia,</strong></span> <span class='ocrx_word' id='word_1_374' title='bbox 955 3553 984 3596; x_wconf 90' lang='lat' dir='ltr'><strong>et</strong></span> <span class='ocrx_word' id='word_1_375' title='bbox 1004 3545 1165 3611; x_wconf 77' lang='lat' dir='ltr'><strong>temporibus</strong></span> <span class='ocrx_word' id='word_1_376' title='bbox 1187 3546 1347 3601; x_wconf 83' lang='lat' dir='ltr'><strong>difficillimis</strong></span> 
     </span>
     <span class='ocr_line' id='line_1_41' title="bbox 238 3611 1349 3691; baseline 0.002 -16"><span class='ocrx_word' id='word_1_377' title='bbox 238 3611 377 3676; x_wconf 55' lang='lat' dir='ltr'><strong>scribendis</strong></span> <span class='ocrx_word' id='word_1_378' title='bbox 389 3621 542 3686; x_wconf 80' lang='lat' dir='ltr'><strong>auctoritas,</strong></span> <span class='ocrx_word' id='word_1_379' title='bbox 551 3635 671 3686; x_wconf 78' lang='lat' dir='ltr'><strong>maguum</strong></span> <span class='ocrx_word' id='word_1_380' title='bbox 681 3623 773 3689; x_wconf 87' lang='lat' dir='ltr'><strong>utique</strong></span> <span class='ocrx_word' id='word_1_381' title='bbox 812 3625 933 3689; x_wconf 83' lang='lat' dir='ltr'><strong>exempla</strong></span> <span class='ocrx_word' id='word_1_382' title='bbox 956 3625 1198 3674; x_wconf 81' lang='lat' dir='ltr'><strong>convenientissima</strong></span> <span class='ocrx_word' id='word_1_383' title='bbox 1224 3634 1349 3691; x_wconf 88' lang='lat' dir='ltr'><strong>suppete-</strong></span> 
     </span>
     <span class='ocr_line' id='line_1_42' title="bbox 240 3698 1348 3767; baseline 0.002 -15"><span class='ocrx_word' id='word_1_384' title='bbox 240 3715 327 3752; x_wconf 83' lang='lat' dir='ltr'><strong>rerum</strong></span> <span class='ocrx_word' id='word_1_385' title='bbox 350 3706 481 3764; x_wconf 83' lang='lat' dir='ltr'><strong>gestarum</strong></span> <span class='ocrx_word' id='word_1_386' title='bbox 502 3698 645 3748; x_wconf 76' lang='lat' dir='ltr'><strong>narrationi</strong></span> <span class='ocrx_word' id='word_1_387' title='bbox 671 3700 773 3762; x_wconf 86' lang='lat' dir='ltr'><strong>pondus</strong></span> <span class='ocrx_word' id='word_1_388' title='bbox 813 3707 881 3752; x_wconf 86' lang='lat' dir='ltr'><strong>rent.</strong></span> <span class='ocrx_word' id='word_1_389' title='bbox 914 3701 1054 3766; x_wconf 79' lang='lat' dir='ltr'><strong>Nunquam</strong></span> <span class='ocrx_word' id='word_1_390' title='bbox 1071 3701 1140 3751; x_wconf 86' lang='lat' dir='ltr'><strong>enim</strong></span> <span class='ocrx_word' id='word_1_391' title='bbox 1154 3701 1218 3751; x_wconf 86' lang='lat' dir='ltr'><strong>rnlbi</strong></span> <span class='ocrx_word' id='word_1_392' title='bbox 1243 3717 1348 3767; x_wconf 82' lang='lat' dir='ltr'><strong>persus·</strong></span> 
     </span>
     <span class='ocr_line' id='line_1_43' title="bbox 239 3774 1345 3840; baseline 0.002 -12"><span class='ocrx_word' id='word_1_393' title='bbox 239 3779 372 3829; x_wconf 81' lang='lat' dir='ltr'><strong>ndditurs.</strong></span> <span class='ocrx_word' id='word_1_394' title='bbox 405 3775 439 3824; x_wconf 92' lang='lat' dir='ltr'><strong>Id</strong></span> <span class='ocrx_word' id='word_1_395' title='bbox 449 3780 536 3825; x_wconf 84' lang='lat' dir='ltr'><strong>autern</strong></span> <span class='ocrx_word' id='word_1_396' title='bbox 546 3787 577 3824; x_wconf 90' lang='lat' dir='ltr'><strong>eo</strong></span> <span class='ocrx_word' id='word_1_397' title='bbox 596 3775 720 3826; x_wconf 89' lang='lat' dir='ltr'><strong>libentius</strong></span> <span class='ocrx_word' id='word_1_398' title='bbox 730 3775 773 3828; x_wconf 86' lang='lat' dir='ltr'><strong>iric</strong></span> <span class='ocrx_word' id='word_1_399' title='bbox 812 3774 870 3825; x_wconf 88' lang='lat' dir='ltr'><strong>deri</strong></span> <span class='ocrx_word' id='word_1_400' title='bbox 881 3777 976 3840; x_wconf 87' lang='lat' dir='ltr'><strong>pstisr,</strong></span> <span class='ocrx_word' id='word_1_401' title='bbox 987 3775 1151 3826; x_wconf 81' lang='lat' dir='ltr'><strong>Ammiauum</strong></span> <span class='ocrx_word' id='word_1_402' title='bbox 1162 3777 1220 3826; x_wconf 72' lang='lat' dir='ltr'><strong>buc</strong></span> <span class='ocrx_word' id='word_1_403' title='bbox 1231 3775 1292 3828; x_wconf 85' lang='lat' dir='ltr'><strong>ideo</strong></span> <span class='ocrx_word' id='word_1_404' title='bbox 1301 3793 1345 3831; x_wconf 88' lang='lat' dir='ltr'><strong>no·</strong></span> 
     </span>
     <span class='ocr_line' id='line_1_44' title="bbox 241 3851 1346 3919; baseline 0.001 -14"><span class='ocrx_word' id='word_1_405' title='bbox 241 3868 422 3917; x_wconf 87' lang='lat' dir='ltr'><strong>commemoro,</strong></span> <span class='ocrx_word' id='word_1_406' title='bbox 441 3853 510 3919; x_wconf 88' lang='lat' dir='ltr'><strong>quod</strong></span> <span class='ocrx_word' id='word_1_407' title='bbox 533 3859 564 3902; x_wconf 90' lang='lat' dir='ltr'><strong>nt</strong></span> <span class='ocrx_word' id='word_1_408' title='bbox 587 3852 722 3904; x_wconf 82' lang='lat' dir='ltr'><strong>historiam</strong></span> <span class='ocrx_word' id='word_1_409' title='bbox 738 3855 772 3904; x_wconf 85' lang='lat' dir='ltr'><strong>ab</strong></span> <span class='ocrx_word' id='word_1_410' title='bbox 812 3851 1346 3915; x_wconf 78' lang='lat' dir='ltr'><strong>tasse,utiusensliseutblsximilectic·</strong></span> 
     </span>
     <span class='ocr_line' id='line_1_45' title="bbox 239 3927 1346 3996; baseline -0.007 -16"><span class='ocrx_word' id='word_1_411' title='bbox 239 3932 419 3982; x_wconf 83' lang='lat' dir='ltr'><strong>honestissimo</strong></span> <span class='ocrx_word' id='word_1_412' title='bbox 449 3929 536 3993; x_wconf 87' lang='lat' dir='ltr'><strong>scribi,</strong></span> <span class='ocrx_word' id='word_1_413' title='bbox 552 3929 590 3980; x_wconf 88' lang='lat' dir='ltr'><strong>sic</strong></span> <span class='ocrx_word' id='word_1_414' title='bbox 618 3935 646 3980; x_wconf 88' lang='lat' dir='ltr'><strong>et</strong></span> <span class='ocrx_word' id='word_1_415' title='bbox 673 3944 772 3993; x_wconf 85' lang='lat' dir='ltr'><strong>morum</strong></span> <span class='ocrx_word' id='word_1_416' title='bbox 807 3927 1045 3978; x_wconf 88' lang='lat' dir='ltr'><strong>neminterrernm</strong></span> <span class='ocrx_word' id='word_1_417' title='bbox 1065 3927 1227 3992; x_wconf 85' lang='lat' dir='ltr'><strong>publicarum</strong></span> <span class='ocrx_word' id='word_1_418' title='bbox 1241 3944 1346 3996; x_wconf 84' lang='lat' dir='ltr'><strong>corrup.</strong></span> 
     </span>
     <span class='ocr_line' id='line_1_46' title="bbox 240 4003 1345 4072; baseline 0.003 -18"><span class='ocrx_word' id='word_1_419' title='bbox 240 4007 345 4056; x_wconf 84' lang='lat' dir='ltr'><strong>satiram</strong></span> <span class='ocrx_word' id='word_1_420' title='bbox 363 4007 396 4056; x_wconf 90' lang='lat' dir='ltr'><strong>ab</strong></span> <span class='ocrx_word' id='word_1_421' title='bbox 415 4007 514 4072; x_wconf 88' lang='lat' dir='ltr'><strong>optimo</strong></span> <span class='ocrx_word' id='word_1_422' title='bbox 533 4021 637 4072; x_wconf 89' lang='lat' dir='ltr'><strong>quoqne</strong></span> <span class='ocrx_word' id='word_1_423' title='bbox 651 4008 773 4071; x_wconf 88' lang='lat' dir='ltr'><strong>componi</strong></span> <span class='ocrx_word' id='word_1_424' title='bbox 812 4004 878 4054; x_wconf 82' lang='lat' dir='ltr'><strong>telas</strong></span> <span class='ocrx_word' id='word_1_425' title='bbox 889 4010 1008 4070; x_wconf 88' lang='lat' dir='ltr'><strong>poneret,</strong></span> <span class='ocrx_word' id='word_1_426' title='bbox 1019 4019 1079 4054; x_wconf 86' lang='lat' dir='ltr'><strong>cnm</strong></span> <span class='ocrx_word' id='word_1_427' title='bbox 1095 4003 1160 4069; x_wconf 87' lang='lat' dir='ltr'><strong>ipse,</strong></span> <span class='ocrx_word' id='word_1_428' title='bbox 1179 4004 1281 4070; x_wconf 81' lang='lat' dir='ltr'><strong>quoties</strong></span> <span class='ocrx_word' id='word_1_429' title='bbox 1290 4007 1345 4070; x_wconf 90' lang='lat' dir='ltr'><strong>pbi-</strong></span> 
     </span>
    </p>
   </div>
   <div class='ocr_carea' id='block_1_10' title="bbox 157 4079 1362 4222">
    <p class='ocr_par' dir='ltr' id='par_1_10' title="bbox 157 4079 1362 4222">
     <span class='ocr_line' id='line_1_47' title="bbox 242 4079 1362 4145; baseline 0.003 -15"><span class='ocrx_word' id='word_1_430' title='bbox 242 4081 353 4131; x_wconf 80' lang='lat' dir='ltr'><strong>addecet</strong></span> <span class='ocrx_word' id='word_1_431' title='bbox 363 4099 370 4140; x_wconf 72' lang='grc' dir='ltr'>ς</span> <span class='ocrx_word' id='word_1_432' title='bbox 388 4097 421 4132; x_wconf 93' lang='lat' dir='ltr'><strong>ne</strong></span> <span class='ocrx_word' id='word_1_433' title='bbox 432 4089 477 4131; x_wconf 88' lang='lat' dir='ltr'><strong>snt</strong></span> <span class='ocrx_word' id='word_1_434' title='bbox 486 4083 592 4133; x_wconf 85' lang='lat' dir='ltr'><strong>historia</strong></span> <span class='ocrx_word' id='word_1_435' title='bbox 602 4083 690 4134; x_wconf 78' lang='lat' dir='ltr'><strong>seruili</strong></span> <span class='ocrx_word' id='word_1_436' title='bbox 701 4097 771 4133; x_wconf 87' lang='lat' dir='ltr'><strong>rnen·</strong></span> <span class='ocrx_word' id='word_1_437' title='bbox 811 4079 946 4145; x_wconf 87' lang='lat' dir='ltr'><strong>losopbnnr</strong></span> <span class='ocrx_word' id='word_1_438' title='bbox 955 4080 1020 4144; x_wconf 85' lang='lat' dir='ltr'><strong>egit,</strong></span> <span class='ocrx_word' id='word_1_439' title='bbox 1028 4093 1080 4131; x_wconf 90' lang='lat' dir='ltr'><strong>non</strong></span> <span class='ocrx_word' id='word_1_440' title='bbox 1088 4095 1172 4145; x_wconf 81' lang='lat' dir='ltr'><strong>panca</strong></span> <span class='ocrx_word' id='word_1_441' title='bbox 1182 4083 1344 4133; x_wconf 78' lang='lat' dir='ltr'><strong>commutatis</strong></span> <span class='ocrx_word' id='word_1_442' title='bbox 1356 4098 1362 4105; x_wconf 90' lang='lat'>·</span> 
     </span>
     <span class='ocr_line' id='line_1_48' title="bbox 157 4157 1345 4222; baseline 0.003 -15"><span class='ocrx_word' id='word_1_443' title='bbox 157 4193 162 4196; x_wconf 94' lang='lat'>-</span> <span class='ocrx_word' id='word_1_444' title='bbox 241 4157 318 4208; x_wconf 83' lang='lat' dir='ltr'><strong>dacio</strong></span> <span class='ocrx_word' id='word_1_445' title='bbox 344 4157 479 4222; x_wconf 85' lang='lat' dir='ltr'><strong>inquinata</strong></span> <span class='ocrx_word' id='word_1_446' title='bbox 494 4172 634 4208; x_wconf 83' lang='lat' dir='ltr'><strong>vanescere</strong></span> <span class='ocrx_word' id='word_1_447' title='bbox 653 4157 773 4222; x_wconf 78' lang='lat' dir='ltr'><strong>incipiet,</strong></span> <span class='ocrx_word' id='word_1_448' title='bbox 812 4163 912 4207; x_wconf 78' lang='lat' dir='ltr'><strong>tautum</strong></span> <span class='ocrx_word' id='word_1_449' title='bbox 937 4157 1043 4221; x_wconf 71' lang='lat' dir='ltr'><strong>syllabis</strong></span> <span class='ocrx_word' id='word_1_450' title='bbox 1071 4171 1106 4206; x_wconf 85' lang='lat' dir='ltr'><strong>err</strong></span> <span class='ocrx_word' id='word_1_451' title='bbox 1126 4157 1258 4208; x_wconf 78' lang='lat' dir='ltr'><strong>dureusle</strong></span> <span class='ocrx_word' id='word_1_452' title='bbox 1278 4164 1345 4210; x_wconf 79' lang='lat' dir='ltr'><strong>tren-</strong></span> 
     </span>
    </p>
   </div>
   <div class='ocr_carea' id='block_1_11' title="bbox 243 4231 1344 4301">
    <p class='ocr_par' dir='ltr' id='par_1_11' title="bbox 243 4231 1344 4301">
     <span class='ocr_line' id='line_1_49' title="bbox 243 4231 1344 4301; baseline 0 -15"><span class='ocrx_word' id='word_1_453' title='bbox 243 4241 290 4286; x_wconf 82' lang='lat' dir='ltr'><strong>ant</strong></span> <span class='ocrx_word' id='word_1_454' title='bbox 299 4231 380 4284; x_wconf 79' lang='lat' dir='ltr'><strong>nstin</strong></span> <span class='ocrx_word' id='word_1_455' title='bbox 390 4233 417 4282; x_wconf 90' lang='lat' dir='ltr'><strong>in</strong></span> <span class='ocrx_word' id='word_1_456' title='bbox 425 4233 576 4283; x_wconf 81' lang='lat' dir='ltr'><strong>sceleratam</strong></span> <span class='ocrx_word' id='word_1_457' title='bbox 587 4235 701 4286; x_wconf 83' lang='lat' dir='ltr'><strong>auctoris</strong></span> <span class='ocrx_word' id='word_1_458' title='bbox 712 4247 762 4285; x_wconf 80' lang='lat' dir='ltr'><strong>ton</strong></span> <span class='ocrx_word' id='word_1_459' title='bbox 812 4233 927 4287; x_wconf 66' lang='lat' dir='ltr'><strong>serius:</strong></span> <span class='ocrx_word' id='word_1_460' title='bbox 943 4234 978 4284; x_wconf 85' lang='lat' dir='ltr'><strong>de</strong></span> <span class='ocrx_word' id='word_1_461' title='bbox 994 4249 1047 4301; x_wconf 91' lang='lat' dir='ltr'><strong>qno</strong></span> <span class='ocrx_word' id='word_1_462' title='bbox 1063 4231 1143 4286; x_wconf 77' lang='lat' dir='ltr'><strong>etim</strong></span> <span class='ocrx_word' id='word_1_463' title='bbox 1153 4233 1204 4286; x_wconf 84' lang='lat' dir='ltr'><strong>boc</strong></span> <span class='ocrx_word' id='word_1_464' title='bbox 1213 4232 1285 4284; x_wconf 79' lang='lat' dir='ltr'><strong>omni</strong></span> <span class='ocrx_word' id='word_1_465' title='bbox 1304 4249 1344 4286; x_wconf 85' lang='lat' dir='ltr'><strong>ns·</strong></span> 
     </span>
    </p>
   </div>
   <div class='ocr_carea' id='block_1_12' title="bbox 0 0 1414 4792">
    <p class='ocr_par' dir='ltr' id='par_1_12' title="bbox 0 0 1414 4792">
     <span class='ocr_line' id='line_1_50' title="bbox 0 0 1414 4792; baseline 0 0"><span class='ocrx_word' id='word_1_466' title='bbox 0 0 1414 4792; x_wconf 95' lang='lat' dir='ltr'><strong> </strong></span> 
     </span>
    </p>
   </div>
  </div>
 </body>
</html>
