2817 4792
246 365 313 433 114
532 379 581 428 ns
603 379 685 428 sar.
710 377 870 441 uucrnrr,
892 377 1065 444 aunarii,

243 519 475 612 philosophiae,
488 537 629 600 morum,
645 540 685 586 ao
698 521 780 586 vitat
795 523 988 608 preceptis,
1002 522 1148 591 divmis
1156 525 1354 593 facetiarum

242 631 278 692 et
291 624 452 690 sermonis
467 624 847 706 generibuspomorum
859 643 980 703 serum,
1002 627 1090 692 scitu
1110 633 1181 694 tarn
1204 629 1354 712 μω-

242 747 371 794 marum
394 746 493 811 quam
516 727 774 804 utilissimarum,
796 729 908 811 copia,
933 729 1102 814 vannqne
1122 731 1290 796 untionis
1320 734 1354 795 et

241 827 384 915 passas
398 831 534 908 uenus,
557 829 592 894 n
615 829 834 908 nveniam,
847 830 1076 914 disponendis,
1099 815 1353 912 ememus,

242 938 276 996 et
305 931 459 997 ornandis
479 931 590 1008 rebus,
613 931 649 994 in
671 931 906 996 masuerum
934 951 977 998 ac
1003 935 1179 999 verbormn
1206 936 1354 1012 delectu,

242 1031 428 1115 abundaut;
450 1037 484 1097 et
505 1031 615 1114 dignae
629 1033 766 1096 omnino
779 1038 868 1111 aunt,
894 1053 972 1118 quaa
994 1037 1039 1100 ab
1052 1055 1268 1121 nncqwque,
1292 1038 1356 1122 qni

240 1153 307 1201 non
320 1134 420 1200 modo
444 1149 560 1218 sapere
582 1133 658 1216 plus
683 1153 785 1218 quarn
803 1137 913 1221 plebs,
938 1138 999 1201 sed
1024 1139 1164 1204 honeste
1189 1140 1298 1204 etiam
1321 1144 1358 1204 et

235 1237 384 1324 juourme
398 1240 511 1302 vivere
524 1236 627 1320 cupit,
647 1235 820 1318 diligenter
831 1257 872 1303 ao
886 1235 1035 1305 studiose
1047 1261 1109 1324 per
1120 1246 1228 1306 totam
1241 1243 1356 1308 vitam

237 1340 399 1424 legantur.
444 1337 615 1422 Quicquid
637 1345 750 1403 autem
770 1339 845 1404 vitii
866 1341 920 1405 vel
934 1347 1017 1408 mtas
1030 1343 1087 1407 vel
1100 1349 1277 1408 auctorum
1302 1344 1355 1408 in-

239 1444 363 1506 stitutio
377 1443 419 1508 iis
434 1443 586 1526 aspersit,
613 1439 715 1508 facile
740 1443 864 1524 poterit
884 1443 984 1508 vitari
998 1461 1066 1508 non
1077 1447 1204 1509 tantm
1217 1465 1241 1510 a
1253 1447 1354 1528 viris,

238 1543 361 1628 quibus
376 1545 548 1608 subactum
561 1549 612 1608 est
627 1543 795 1627 judicium
808 1550 842 1607 et
860 1549 980 1628 pectus
994 1547 1161 1629 sapientia
1171 1549 1353 1625 munitam,

238 1643 299 1710 sed
309 1645 410 1710 etiam
422 1663 444 1708 a
453 1645 644 1730 juvenibus,
656 1646 756 1712 modo
764 1665 831 1710 non
841 1648 961 1711 obtuso
973 1648 1040 1711 sint
1049 1647 1195 1730 ingenio,
1203 1657 1264 1716 aut
1273 1650 1354 1716 ido·

236 1749 289 1812 nei
304 1749 522 1833 proeceptoris
533 1767 598 1832 ope
610 1754 643 1813 et
657 1748 807 1814 consiliis
820 1747 982 1814 destituti.
1026 1749 1279 1837 Ieriaquoque
1289 1755 1353 1819 illa

235 1851 321 1915 vitia
331 1855 398 1914 tam
405 1849 536 1932 magnis
545 1847 754 1915 redemenmt
762 1850 952 1927 virtutibus,
961 1856 995 1916 et
1002 1855 1096 1916 tanto
1103 1851 1204 1935 plura
1212 1853 1350 1934 babent,

234 1971 311 2035 quae
324 1951 440 2017 laudes
463 1957 497 2016 et
522 1951 702 2030 admireris,
726 1971 827 2036 qnam
853 1971 929 2035 quae
954 1953 1122 2037 improbes
1149 1954 1204 2019 vel
1233 1958 1351 2040 potius

232 2052 401 2135 ignoscas,
444 2057 483 2116 ut
509 2051 552 2116 ad
577 2071 641 2117 nos
667 2051 776 2117 adhuc
803 2052 905 2117 bodie
932 2053 1010 2137 plus
1038 2059 1073 2118 et
1099 2056 1289 2140 voluptatis
1317 2065 1351 2124 et

232 2153 385 2219 utilitatis
396 2173 442 2218 ex
456 2171 581 2230 aarum
597 2171 756 2236 quamex
771 2150 910 2217 aliorum
923 2153 1080 2219 librorum
1093 2159 1257 2236 veterum,
1278 2160 1349 2224 ιω.

231 2257 322 2321 tione
334 2253 504 2320 redundet.
550 2253 762 2337 Quantopere
784 2253 899 2339 itaque
920 2271 980 2319 eas
997 2254 1172 2334 nummu,
1194 2257 1256 2321 illo
1270 2279 1349 2324 sevo

231 2358 430 2435 viventibus
455 2363 489 2422 et
513 2355 682 2441 placuisse
701 2359 735 2419 et
747 2354 916 2438 proluisse
928 2354 1145 2439 putabimusl
1178 2355 1215 2421 N
1216 2375 1275 2424 am
1291 2379 1348 2426 sa-

229 2459 319 2524 tirici
342 2459 466 2542 podiae,
492 2460 550 2542 qui
572 2475 680 2522 mores
704 2456 894 2523 demnbunt
918 2456 1037 2522 seculi
1061 2455 1114 2520 sui
1139 2475 1346 2546 suorumque

229 2562 441 2644 popularium
465 2565 498 2624 et
523 2559 715 2646 aequalium,
738 2559 857 2622 borum
881 2577 1014 2642 quoque
1037 2557 1167 2622 animos
1193 2563 1346 2626 maxime

230 2661 427 2744 percrttiunt.

277 2761 368 2842 Quid
383 2763 491 2831 verul
513 2781 619 2827 nonne
640 2762 779 2827 nimium
803 2761 892 2824 usus
914 2759 1177 2846 facetiammque
1198 2765 1345 2846 pretium

230 2871 291 2943 est,
307 2867 337 2931 si
351 2867 533 2931 honestatis
546 2864 788 2948 probitatisque
801 2861 973 2946 impendio
987 2865 1165 2927 constanti
1188 2863 1212 2928 J
1213 2883 1269 2928 am
1280 2866 1344 2932 du·

230 2966 310 3030 dum
330 2969 420 3030 enim
444 2965 557 3029 audire
575 2964 655 3027 mibi
679 2963 796 3029 videor
818 2963 920 3045 paulo
934 2962 1106 3047 rigidiores
1119 2984 1250 3029 morum
1263 2986 1344 3032 cen·

230 3085 324 3131 sores
351 3068 494 3149 graviter
524 3065 687 3129 obscoena
711 3065 782 3142 illa,
804 3069 961 3147 tanquam
988 3085 1042 3144 ea,
1068 3085 1146 3148 quae
1174 3067 1343 3150 pudorem

230 3166 394 3232 offendant
416 3173 449 3231 et
472 3171 613 3231 noceant
636 3186 764 3231 mortam
788 3167 946 3243 castitati,
972 3165 1176 3245 damnantes,
1199 3173 1235 3232 et
1258 3168 1343 3234 Per·

228 3271 326 3348 sium,
343 3271 402 3354 qui
417 3271 460 3336 ab
475 3271 530 3348 iis,
554 3269 584 3333 si
599 3273 752 3353 quartam
764 3267 941 3352 exceperis
954 3267 1105 3345 satiram,
1128 3268 1340 3349 abstinuerit,

228 3372 371 3437 Horatio
394 3379 569 3456 propterea
592 3375 627 3436 et
650 3369 811 3436 Juvenali
834 3368 1060 3436 mesenates.
1104 3367 1233 3433 Verum
1247 3372 1341 3436 enim

225 3495 305 3542 vero
319 3475 414 3540 salva
428 3493 481 3538 res
496 3479 556 3552 est,
575 3474 713 3558 janque
735 3473 833 3538 multi
856 3489 997 3536 cansam
1015 3471 1205 3554 famamque
1217 3472 1341 3536 borum

227 3577 399 3662 poetarum
413 3579 700 3662 propugnarunt,¹³
726 3573 815 3638 etin
836 3572 889 3638 bis
911 3591 1017 3654 nuper
1039 3569 1091 3636 Cl.
1112 3570 1252 3654 Koenig,
1275 3573 1339 3658 (de

55 3623 59 3630 ι
164 3661 176 3689 ’
226 3679 297 3745 Sat.
314 3677 416 3744 Rom.
431 3697 468 3761 p.
483 3677 538 3743 96.
554 3672 644 3760 seq.)
657 3675 755 3760 cujus
768 3674 971 3740 verbanunc
984 3692 1061 3737 mea
1073 3671 1194 3751 heere,
1205 3679 1241 3738 ot
1252 3673 1338 3738 alio·

720 3888 828 3942 NOTAE

255 4034 285 4082 lt
302 4035 346 4085 De
368 4037 494 4088 obscoenis
516 4036 654 4086 multorum
675 4031 756 4098 scrip·
795 4033 869 4080 aust.
887 4027 960 4079 ledit.
980 4023 1104 4079 Rctterd.
1125 4027 1199 4075 lm.
1230 4021 1272 4091 (Τ.
1287 4034 1334 4074 ιιι.

220 4110 382 4160 torumloeie
393 4113 488 4175 passim
499 4109 756 4174 disseruitBaylelu
794 4123 822 4174 p.
840 4113 914 4160 ⁸1⁵⁹.
932 4123 971 4173 sq.
990 4107 1040 4157 Ed.
1058 4102 1180 4155 nouem.
1198 4101 1287 4168 lm.)
1305 4103 1333 4155 in

220 4183 297 4236 Dici.
308 4185 367 4235 bist.
378 4187 437 4236 urit.
457 4189 523 4252 (vid.
541 4189 568 4237 in
583 4187 616 4251 ej.
633 4185 693 4236 lud.
707 4184 756 4233 Oi·
795 4185 1002 4236 Estdroimm
1012 4197 1053 4233 ar
1062 4183 1096 4232 let
1108 4177 1257 4232 Wu-

218 4258 334 4326 xima)
344 4260 448 4323 copiose
459 4275 520 4310 vero
529 4263 562 4312 Τ.
571 4275 610 4311 ra.
619 4275 645 4324 p.
656 4263 755 4311 ³⁰⁰⁷—-
