2817 4792
494 395 545 444 Ab
557 395 648 445 ¹SA'I'.
673 395 723 450 Vl.

393 699 820 782 EXCURSUS

435 896 488 952 AD
504 896 579 954 ΕΔΤ.
595 899 644 951 vl.
661 903 777 956 lii-12⁶.

92 1081 240 1149 Versum
259 1080 336 1146 124.
359 1086 438 1164 post
457 1101 508 1146 rs.
524 1082 608 1147 126.
629 1084 817 1166 ponendum
840 1088 997 1151 censebat
1017 1087 1159 1157 Sabura·

48 1183 180 1251 fleiscb.
224 1181 296 1266 Ego
311 1183 425 1266 potins
445 1189 524 1268 post
543 1185 683 1250 νε.125.
704 1186 793 1270 quod
812 1194 846 1252 et
870 1187 1019 1271 Rigaltio
1039 1192 1159 1275 pleon·

49 1287 119 1352 isse
133 1291 254 1372 postea
267 1285 348 1370 vidi.
391 1285 460 1350 Sed
475 1287 619 1369 vulgaris
633 1307 766 1371 quoque
780 1282 955 1354 verborum
968 1292 1051 1356 ordo
1072 1293 1157 1360 bene

49 1409 87 1454 se
108 1390 230 1455 babet:
254 1386 313 1452 tibi
328 1407 391 1471 pro
405 1397 493 1452 tuom
509 1391 627 1472 legitur
647 1391 683 1454 in
702 1391 756 1455 11.
779 1390 869 1474 quod
889 1392 1008 1458 melias
1026 1399 1064 1458 et
1076 1397 1159 1461 sati·

48 1493 117 1556 rice
132 1491 270 1556 omnino
289 1489 413 1556 dictum
427 1489 600 1556 videbatur
619 1490 902 1558 Scbnrufleiscbio.
945 1494 1104 1560 Bartbius
1121 1497 1159 1560 in

47 1591 195 1656 Advers.
216 1607 316 1656 xxx.
339 1590 373 1656 2.
396 1591 471 1656 boec
490 1593 639 1658 notavit:
668 1593 840 1659 ‘Verbum
865 1594 996 1659 ostendit
1018 1597 1158 1663 nimium
1208 1633 1211 1639 ,

47 1713 153 1778 quam
173 1693 247 1757 lere
267 1693 348 1757 mihi
367 1711 498 1776 semper
518 1693 628 1757 visum
646 1700 700 1758 est
722 1714 783 1778 pro
802 1715 838 1758 ro
858 1701 894 1760 et
915 1697 1062 1763 facinore
1087 1705 1157 1765 tam

46 1796 169 1860 atroci.
221 1793 315 1872 Quid
339 1795 426 1857 enirn
450 1793 540 1858 nuda
563 1793 691 1858 ostensio
714 1790 889 1861 ebmmune
914 1818 992 1862 cum
1014 1800 1156 1866 incestis
1208 1849 1212 1856 .

45 1899 114 1963 iliis
131 1897 305 1962 adulteriis
319 1895 445 1960 habeti
471 1902 504 1961 et
517 1897 576 1980 qui
593 1899 701 1980 pontit
720 1899 836 1981 palam
848 1897 1003 1964 ostendere
1021 1903 1056 1965 in
1077 1901 1156 1967 loeo
1207 1940 1211 1947 ·

44 2001 239 2078 tenebroso,
254 2000 312 2064 ubi
324 1999 425 2076 nulla,
439 1999 503 2062 nisi
518 1997 561 2062 ad
577 1998 767 2082 ftuigineam
781 1999 962 2079 luoernam,
983 2003 1044 2068 lux
1056 2007 1155 2070 erati

46 2102 142 2186 Lego
170 2096 367 2185 cffinditqoe,
391 2098 481 2183 quod
506 2101 643 2168 verbum
669 2101 837 2184 principes
862 2104 1080 2170 observamus
1105 2108 1157 2172 in-

41 2210 149 2270 ceseae
168 2199 296 2286 aliquid
312 2202 460 2266 laesionis
473 2219 585 2283 gerere
599 2201 633 2265 iu
648 2203 733 2264 sinu.
768 2201 828 2266 Sic
844 2223 924 2267 usus
937 2205 1047 2271 Varro
1062 2207 1156 2275 Mar-
1205 2252 1209 2258 -

41 2307 163 2389 cipere
184 2304 274 2389 apud
298 2302 387 2368 Non.
409 2303 506 2388 cujus
525 2303 629 2366 verba
652 2303 695 2366 ob
719 2304 972 2369 obscoenitatem
992 2309 1157 2374 ascribere
1244 2336 1252 2352 «

40 2405 175 2493 pudet!
220 2405 287 2470 Sed
302 2427 361 2470 cur
379 2406 440 2470 lux
460 2405 606 2470 luoemae
626 2425 691 2468 non
713 2405 835 2470 sufficit
854 2406 897 2470 ad
918 2409 1157 2476 ostendendum

40 2509 225 2576 ventrem?
247 2513 282 2572 et
304 2527 361 2571 our
383 2507 448 2572 hoo
472 2505 615 2570 alienum
636 2525 657 2569 a
682 2507 785 2570 ontis
806 2505 1027 2572 libidinibus?
1060 2511 1155 2577 ‘Sub

39 2613 139 2677 clara
151 2605 246 2676 nuda
258 2605 414 2686 lucemo,'
434 2612 497 2673 cet.
518 2605 559 2670 de
580 2608 695 2671 eadem
714 2627 750 2672 re
769 2609 857 2674 dixit
880 2609 999 2675 Horat.
1023 2612 1094 2680 Sat.
1111 2631 1155 2681 11.
1271 2687 1274 2690 ⁴

38 2717 73 2780 7.
88 2712 217 2796 48..sq.
231 2716 265 2776 et
279 2711 355 2775 Sen.
375 2711 416 2775 ds
432 2711 516 2774 Ben.
530 2722 595 2773 vu.
610 2710 644 2775 9.
658 2718 742 2775 extr.
764 2709 1094 2780 ‘Matroneenostrae
1114 2737 1158 2783 ne

38 2815 213 2881 adulteris
236 2813 371 2899 quidem
397 2813 473 2897 plus
498 2811 552 2876 sui
577 2811 613 2874 in
637 2812 804 2890 cubiculo,
830 2832 932 2896 quam
956 2814 992 2877 in
1017 2817 1156 2899 publico
1207 2851 1213 2874 ι

40 2915 250 2983 ostendunt!
595 2959 599 2968 ·

84 3017 223 3084 Versus
239 3017 314 3082 126.
332 3022 411 3100 post
422 3035 474 3081 vs.
489 3017 566 3083 129.
586 3017 707 3100 legitur
725 3017 760 3081 in
780 3019 836 3084 74.
858 3022 891 3084 et
909 3025 990 3104 post
1009 3041 1060 3084 vs.
1078 3021 1156 3088 128.

35 3125 73 3199 in
100 3120 249 3187 vetustis
274 3119 462 3198 codicibus,
488 3140 508 3184 e
531 3121 654 3204 quibus
675 3141 752 3186 eum
779 3123 878 3206 primi
902 3125 1074 3190 restituere
1098 3125 1156 3193 Jo.

35 3223 277 3309 Cuspinianus
290 3223 326 3287 in
340 3223 411 3289 vita
423 3222 625 3305 Sigismundi
641 3221 729 3290 Caes·
743 3247 778 3309 p.
791 3226 867 3290 409.
888 3233 923 3291 et
935 3225 1156 3294 Pulmannns:

32 3346 120 3392 nam
147 3324 249 3410 plene
269 3327 373 3392 abest·
384 3327 427 3390 ab
448 3326 1077 3392 10.11.14-17.1e23.asor.4srs.
1096 3330 1156 3393 75-

33 3431 94 3495 77.
138 3426 342 3491 ·Henninius
363 3433 484 3506 monet,
505 3447 542 3491 se
564 3430 743 3512 retraxisse
762 3447 838 3492 eum
858 3429 894 3490 iu
914 3447 1013 3491 sunm
1032 3429 1154 3508 locum,

30 3531 132 3598 unde
155 3535 356 3594 monstrante
377 3529 467 3594 viam
489 3549 587 3594 sensu
607 3529 771 3595 exciderit
789 3531 833 3594 ob
856 3535 1092 3613 praetextatam
1114 3531 1157 3595 li·

32 3633 205 3708 eentiam,
221 3651 303 3696 mox
317 3651 396 3697 vero
411 3651 433 3696 a
446 3633 620 3696 curiosulis
638 3638 789 3717 receptus
803 3651 844 3696 eo
862 3633 1063 3715 migraverit,
1087 3651 1156 3714 quo

29 3755 108 3801 non
134 3731 327 3816 quadraret.
373 3733 510 3819 Ejectus
524 3741 575 3799 est
590 3737 633 3798 ab
649 3736 702 3813 iis,
723 3735 782 3818 qui
800 3737 849 3799 rei
867 3735 1085 3798 obsooenitate
1106 3732 1156 3796 oi-

30 3836 288 3902 fundebantur:
321 3836 438 3900 eodem
466 3841 586 3914 tamen
618 3855 717 3919 quem
746 3855 834 3900 nnnc
863 3834 1052 3918 occuparit,
1077 3835 1155 3900 loeo

22 3943 110 4028 jam
126 3940 229 4001 extat
241 3939 276 4001 in
289 3937 343 4001 24.
357 3943 390 4001 et
403 3937 458 4000 84.
474 3937 518 4002 ed
531 3957 632 4020 marg.
677 3937 718 4001 In
731 3942 872 4020 utroque
885 3954 965 3999 vero
980 3933 1056 3998 cod.
1073 3935 1155 4016 legi·

26 4047 89 4108 tur
124 4035 343 4124 Continuoque
359 4038 482 4123 jacens,
507 4045 542 4103 et
565 4045 727 4124 praeterea
750 4039 785 4103 in
810 4038 868 4103 illo
892 4047 1071 4102 curatorum
1093 4055 1158 4129 pre

27 4141 231 4209 multorum.
1140 4161 1144 4170 ·

104 4318 243 4384 nauta
257 4321 394 4373 racto.
570 4323 628 4373 oue.
792 4338 795 4344 ·
1035 4321 1090 4370 eo
