2817 4792
537 317 589 366 ro
612 315 694 366 sur.
718 317 774 366 rx.
1145 299 1211 368 ets

81 481 131 526 se
146 461 354 540 liberabunt,
375 461 544 541 enam,
559 483 646 540 eum,
662 464 721 547 qui
745 479 914 547 nunquam
929 463 1016 528 liber
1036 463 1108 540 erit,
1132 481 1208 528 esso

83 574 273 628 monstrum
288 586 308 626 n
323 563 408 628 vitiis
421 560 511 627 nuile
526 561 640 627 virtute
654 562 834 629 redemtum.
871 563 1106 648 Philosopbice
1120 564 1209 629 enim

85 665 165 730 hoe
179 667 290 749 megin
304 667 441 744 dieemr,
454 685 561 750 quem.
571 687 657 731 rere.
701 667 809 731 Porro
826 663 980 732 Pithoeus
993 669 1026 730 iu
1040 667 1125 731 libro
1140 665 1209 732 Ms.

87 775 217 832 monet
229 768 350 832 fuisse:
374 763 524 831 Deterior
539 765 718 844 temeretis,
733 766 787 853 qui
799 765 878 830 liber
889 769 1009 832 noverit
1026 768 1105 832 iiior.
1128 767 1209 834 Inde

89 869 295 954 conjecturs
318 870 399 933 mihi
428 869 586 947 nuscitur,
608 869 807 934 Juvenaiem
833 873 1025 954 scripsisse:
1050 869 1212 936 Deterior

91 969 354 1057 torrentumque
375 970 455 1034 liber
473 969 610 1034 nubserit
634 969 709 1047 iilis,
728 967 866 1037 Quorum
889 973 1022 1053 unimus,
1043 982 1107 1039 eet.
1151 972 1211 1040 Ait

92 1075 203 1151 enim,
229 1076 387 1158 pessimoe
406 1075 509 1157 frugis
532 1093 605 1139 esse
616 1075 791 1160 pterosque
814 1093 994 1154 servorum,
1016 1077 1209 1142 deteriorem

94 1184 216 1243 tamen
227 1177 405 1255 domiuum,
419 1179 476 1262 qni
489 1175 654 1260 ejusmodi
671 1173 791 1258 bipedes
804 1175 864 1240 sibi
879 1187 998 1262 queret
1012 1176 1129 1242 asellos.
1154 1179 1208 1246 De

95 1279 355 1364 turpibusenim
376 1280 503 1362 nuptiis
525 1279 696 1362 praeoipuo
721 1281 755 1343 in
776 1279 838 1343 huc
860 1279 931 1346 Set.
947 1281 1026 1363 egit.
1072 1279 1162 1345 Nem
1175 1286 1210 1346 et

95 1381 263 1465 impudici
279 1381 435 1446 Naevolis
456 1382 529 1445 sois
551 1401 588 1444 se
609 1381 834 1446 submittentes
852 1381 967 1444 nubere
988 1383 1153 1462 dicuntur,
1175 1389 1210 1448 et

96 1484 258 1567 pathicus
280 1503 356 1567 sup.
380 1500 406 1547 1.
421 1482 477 1548 78.
501 1481 601 1565 turpis
623 1503 732 1565 sponsa
757 1483 1093 1570 secuml-Aptior,
1115 1491 1207 1570 puto,

98 1583 290 1649 emendatio
303 1585 365 1649 en't
377 1583 471 1648 haec:
508 1579 659 1648 Deterior
673 1594 774 1646 temen
790 1588 894 1650 sertis
909 1587 1063 1651 dominus
1079 1585 1139 1664 tic,
1155 1587 1210 1674 qni

99 1681 197 1763 liber,
212 1704 287 1749 cnm
300 1686 383 1750 liber
395 1685 450 1762 sit,
463 1684 623 1747 contremit
645 1679 726 1764 illes,
741 1705 882 1770 quorum,
904 1694 978 1767 cet„
993 1689 1026 1753 h.
1043 1710 1073 1754 e.
1094 1709 1210 1755 servos

100 1806 282 1870 eorumque
294 1787 443 1869 linguam
457 1788 561 1864 timet,
583 1793 720 1871 propter
742 1789 831 1853 male
853 1789 925 1854 scil.
950 1790 1110 1869 iocinore,
1127 1812 1210 1876 quo·

100 1907 179 1952 rum
193 1889 257 1952 sibi
272 1888 428 1952 conscius
451 1893 517 1967 est3
549 1889 614 1952 nisi
632 1888 748 1952 malis:
771 1887 832 1969 tic,
855 1890 910 1974 qui
933 1889 1022 1970 tiber,
1037 1911 1112 1956 eum
1127 1893 1210 1958 liber

103 1989 162 2066 sit,
176 1991 290 2065 ror‚h.
303 2010 335 2054 e.
350 2008 456 2052 sermo
476 1986 535 2049 m'c
556 1987 630 2064 itte,
656 2009 798 2071 querum,
820 1999 885 2054 eet.
909 2011 977 2074 quo
1002 2011 1101 2057 sensu
1124 1991 1208 2057 Pro·

101 2097 188 2177 pert
212 2107 253 2154 ιι.
277 2091 331 2155 21.
352 2091 409 2168 (nl.
432 2089 501 2168 20.)
523 2092 556 2154 7.
579 2088 667 2153 dixit
691 2111 772 2154 nunc
793 2091 942 2156 intereos
965 2114 1061 2157 sermo
1087 2116 1128 2172 rs,
1154 2096 1208 2160 vel

105 2193 247 2260 Plautus
260 2193 384 2258 Pseud.
401 2210 425 2256 t.
440 2195 472 2258 5.
487 2189 618 2274 4.fliiur
633 2211 715 2255 meus
729 2213 825 2256 sermo
839 2206 880 2258 ert
891 2216 949 2281 per
963 2185 1077 2260 urbem

401 2685 867 2764 ,EXCURSUS

516 2918 569 2968 Ao
585 2916 659 2968 stt.
675 2917 724 2967 lx.
741 2919 796 2967 128.

149 3096 370 3182 chJversus
391 3102 449 3185 qui
475 3103 605 3166 silentio
628 3101 885 3183 praetermittitur
906 3098 949 3162 eb
965 3096 1204 3181 interpretibus,

107 3205 236 3288 quoties
262 3221 338 3267 eum
366 3202 442 3285 legi,
479 3223 609 3298 semper
639 3223 692 3266 me
724 3202 872 3280 offendit;
904 3198 998 3284 (nam
1019 3206 1053 3263 et
1073 3197 1207 3281 languet

106 3323 261 3390 moraque
281 3304 431 3388 repetitio
444 3311 497 3368 est
520 3325 571 3368 vs.
596 3305 670 3367 119.
694 3310 728 3367 et
750 3305 783 3364 τὸ
805 3301 919 3364 idcirco
934 3301 1033 3384 plane
1058 3301 1205 3383 ineptum

108 3406 233 3472 videtur
243 3407 276 3471 h.
290 3403 332 3490 l.)
347 3425 541 3488 semperque
563 3405 689 3488 putavi,
709 3405 795 3468 hanc
818 3421 892 3468 esse
914 3404 1058 3486 glossam
1072 3401 1107 3464 in
1121 3421 1206 3466 mur-

109 3509 182 3590 gine
189 3506 367 3589 ascriptum
382 3506 426 3570 ud
437 3525 488 3569 vs.
505 3506 580 3570 119.
593 3503 640 3567 iris
652 3503 804 3589 precipue
815 3505 924 3582 eonem,
935 3513 968 3566 ut
981 3501 1104 3589 linguar
1117 3523 1206 3565 mnn-

108 3607 255 3693 ripiorum
277 3617 461 3670 contemnes.
506 3603 658 3684 Quomm
676 3607 850 3670 verborum
873 3605 1083 3670 hauddubie
1106 3607 1204 3670 inter-

109 3715 340 3797 prementum
352 3710 433 3774 tuit:
457 3706 578 3770 Idcirco
597 3716 632 3769 ut
645 3705 741 3790 pessis
753 3703 894 3793 linguam
906 3717 1093 3770 contemnere
1106 3705 1206 3778 serui:

110 3813 195 3898 quod
209 3833 284 3878 eum
297 3814 330 3876 in
345 3817 474 3876 textum
488 3812 653 3892 irreperet,
677 3829 850 3892 perperam
872 3829 893 3873 a
912 3809 1056 3872 librariis
1070 3808 1104 3872 in
1118 3827 1204 3885 eum,

110 3936 202 4002 quem
217 3934 305 3980 nune
321 3919 473 3997 occupat,
496 3913 607 3976 locum
622 3921 674 3976 est
687 3913 891 3988 translatum,
906 3918 940 3976 et
951 3911 1062 3995 possim
1078 3911 1204 3994 reposi-

111 4025 176 4084 tum
193 4037 254 4102 pro
263 4014 370 4101 porris,
386 4015 475 4100 quod
494 4021 603 4080 tamen
621 4021 655 4077 et
676 4016 789 4096 ipsum
810 4017 845 4079 in
867 4016 919 4080 17.
943 4013 994 4078 18.
1017 4013 1072 4077 24.
1093 4013 1204 4078 tete.

109 4119 231 4207 tegitur.
276 4119 328 4187 Eo
341 4121 451 4184 minus
465 4124 573 4182 numm
587 4117 636 4181 uu
650 4116 848 4198 dubitarunt,
864 4119 943 4204 quin
957 4118 1031 4182 haec
1045 4117 1148 4181 verba
1161 4116 1203 4180 ab
