2817 4792
219 347 286 416 1⁰8
514 363 563 412 un
586 362 668 412 esu.
691 359 849 422 uucrurr,
872 356 1047 422 nostru,

222 499 390 566 excellunt
408 499 610 576 urbanitate,
626 496 811 579 argumenti
831 497 1029 579 prestantis
1041 500 1077 560 et
1100 493 1236 561 eximio
1249 498 1328 574 ute,
1386 515 1392 528 ·

223 620 292 686 que
304 600 439 666 eosdem
453 619 545 684 saepe
566 619 619 664 res
636 600 733 664 vorin
743 599 872 664 ratione
890 603 1021 677 nectet,
1033 598 1178 664 lectores
1193 596 1330 662 divesne
1392 588 1396 625 ³

222 701 420 766 excursibus
441 701 795 784 observationibusque
817 701 872 764 vel
889 699 1032 764 delectet
1051 700 1106 764 vel
1127 698 1244 776 docet,
1257 699 1330 762 utile

223 802 313 868 dulci
333 802 490 880 miscens,
506 821 621 868 sensus
643 820 724 866 suos
748 802 822 865 sive
844 801 964 867 tectius
977 803 1145 885 expromit
1159 802 1238 865 sive
1252 801 1330 866 libe

223 905 305 983 rius,
328 911 361 968 et
382 923 452 982 eos,
467 903 511 968 ad
529 921 615 986 quos
633 904 762 981 scribit,
776 902 892 968 budst
914 904 971 967 vel
993 905 1115 986 carpit,
1131 909 1166 968 et
1184 905 1333 968 bortatur
1387 982 1392 993 Ι

125 994 129 1012 ’
224 1007 278 1072 vel
294 1005 496 1072 dehortetur.
540 1005 634 1082 Idem
645 1005 809 1070 Horatius
817 1007 939 1071 satiras
953 1006 1183 1090 epistolasque
1195 1005 1334 1072 notissi-

161 1175 170 1185 ,
225 1109 289 1174 nris
306 1110 498 1194 plerumque
512 1113 547 1173 et
561 1098 756 1173 clarissimis
771 1107 1049 1191 inscripsimus,
1065 1105 1203 1172 Persius
1217 1113 1256 1172 et
1277 1103 1337 1172 Ju-

227 1211 354 1276 venelis
368 1211 489 1294 ignotis
513 1211 582 1276 fere
605 1215 640 1275 et
669 1210 835 1275 obscuris.
879 1209 968 1274 Illud
986 1209 1163 1292 plurimum
1180 1209 1269 1274 tecit
1295 1207 1336 1272 ed

226 1311 327 1380 fidem
349 1319 384 1377 et
408 1315 639 1382 sonoritatem
662 1312 865 1394 augendam
884 1311 952 1377 hoc
975 1331 1054 1376 vero
1076 1316 1267 1396 temporum
1289 1309 1339 1374 di·
1398 1354 1403 1397 5

227 1415 379 1480 versitsti
392 1414 599 1480 tribuendum
613 1417 674 1492 est,
688 1413 915 1497 nequepoitis
927 1411 1012 1478 vitio
1027 1411 1186 1476 dandum.
1231 1411 1337 1476 Multi
1395 1446 1404 1500 ἶ

227 1520 390 1600 preterca
411 1515 575 1595 homines,
589 1514 780 1580 nominibus
799 1519 924 1580 tantm
948 1516 1031 1593 noti,
1052 1532 1236 1598 eorumque
1254 1511 1338 1578 sbri-
1403 1564 1404 1587 ,

226 1616 303 1682 titia
325 1623 384 1682 out
412 1617 594 1700 turpimdo,
620 1637 642 1682 e
665 1617 849 1684 ninmviris
874 1618 942 1682 illis
969 1637 1036 1684 uno
1063 1616 1133 1681 tere
1163 1615 1339 1700 ueroque
1399 1664 1406 1705 n,

228 1717 343 1796 verbo,
368 1737 390 1784 e
412 1716 577 1785 Juvensle
596 1738 677 1784 vero
698 1719 826 1804 possim
851 1718 1023 1803 copiosius
1045 1722 1212 1782 notentur.
1258 1717 1339 1782 Hoc
1404 1783 1407 1807 1

228 1817 355 1884 ratione
382 1837 617 1904 nonnunquam
649 1821 702 1884 vis
738 1820 873 1884 sobrios
892 1819 1068 1899 minuitur3
1104 1819 1165 1884 ills
1189 1819 1338 1884 tenebrae
1405 1868 1407 1911 3

229 1921 671 2002 multisobducuutrulocis,
685 1921 887 2005 adquorum
900 1921 1096 1986 senteutiam
1108 1920 1243 2005 penitus
1264 1939 1340 2004 per·
1405 1924 1407 1977 j

230 2023 438 2107 spiciendsm
452 2023 630 2108 plurimum
644 2023 757 2103 refert,
770 2025 856 2089 bene
873 2041 976 2090 nosse
988 2023 1138 2089 homiues
1159 2040 1202 2088 oc
1215 2041 1284 2099 res,
1300 2020 1341 2089 de
1407 2020 1408 2095 l

231 2124 353 2208 quibus
367 2125 485 2207 agitur.
530 2125 730 2192 Obscuritss
749 2133 861 2191 temen
881 2124 972 2204 hoec,
985 2143 1031 2190 ex
1052 2123 1241 2206 ignorantie
1258 2121 1343 2186 mul·

233 2231 342 2292 terum
363 2246 484 2305 rerum,
500 2227 544 2292 ad
564 2246 650 2312 quos
670 2227 810 2294 latenter
829 2226 996 2304 nlludibrr,
1009 2225 1170 2311 proiecte,
1185 2224 1342 2290 omnibus
1365 2265 1370 2270 ·

232 2326 344 2416 politis
358 2329 503 2394 satiricis
518 2334 570 2394 est
582 2329 779 2407 communis,
793 2347 903 2412 neque
911 2329 994 2395 vitio
1008 2329 1052 2393 iis
1066 2329 1235 2405 vertenda,
1244 2328 1343 2412 quip-

232 2447 278 2514 pe
298 2432 357 2515 qui
379 2432 449 2496 suis
464 2431 676 2515 potissimum
690 2430 910 2514 popularibus
922 2429 1082 2508 scribunt,
1096 2429 1220 2512 quibus
1237 2428 1344 2492 multu

233 2539 313 2596 sunt
326 2533 514 2609 notissime,
529 2553 606 2616 quoe
621 2552 685 2598 nos
699 2533 932 2615 ignoromue.¹⁰

277 2631 405 2698 Praeter
423 2633 615 2698 dramaticus
638 2635 890 2718 compositionis
911 2632 1090 2700 artificium
1111 2633 1211 2696 etium
1233 2629 1340 2707 uliud,

128 2799 138 2816 ,
232 2732 334 2820 idque
360 2753 427 2800 nou
454 2735 565 2800 miuus
587 2735 793 2818 ingeniosum
822 2741 1032 2818 gratumque,
1068 2731 1214 2800 Horatio
1243 2751 1343 2818 posue

235 2837 409 2922 proprium
422 2843 475 2903 est
483 2837 518 2902 iu
532 2855 641 2914 rerum
654 2836 843 2904 inventione
856 2855 899 2902 oe
911 2836 1143 2921 dispositione,
1156 2835 1221 2901 etsi
1233 2835 1343 2918 mugio

721 3016 844 3089 ,none

269 3113 302 3162 le
318 3108 327 3137 ‘
336 3107 420 3160 Jeme
430 3107 540 3159 satiricis
550 3111 718 3175 nostratibus,
726 3112 771 3178 qui
809 3115 919 3166 ticorum
931 3114 1109 3178 ngecitetem,
1120 3111 1217 3163 nedum
1233 3125 1344 3162 oenmeu

235 3185 364 3236 Remenoe
375 3185 470 3249 peselm
482 3185 565 3236 reentl
582 3193 652 3251 snut,
664 3188 771 3253 quique,
809 3193 986 3243 recentiorum
1005 3192 1187 3255 interpretum,
1203 3189 1248 3254 qui
1270 3203 1344 3253 sepe

235 3275 298 3312 eum
317 3260 351 3310 de
368 3261 445 3312 rebus
461 3262 600 3328 loquentur
616 3263 771 3328 quotidieuo
809 3274 898 3319 terrreu
917 3269 975 3333 plue
992 3267 1115 3318 viderunt
1130 3279 1209 3332 quern
1227 3273 1344 3328 veteres,

238 3337 375 3396 neutritir,
391 3336 521 3388 faciliores
537 3339 673 3390 intellectu
693 3340 769 3390 nobis
809 3342 914 3408 penitus
925 3342 1091 3407 preterierit.
1124 3341 1210 3393 Quid?
1225 3340 1297 3405 quod
1317 3341 1345 3390 in

235 3409 289 3464 siut
310 3427 417 3464 necesse
436 3422 487 3478 est,
507 3416 662 3480 coniectura
682 3431 770 3480 puseu-
810 3419 941 3469 nonnullis
959 3417 1024 3468 locis
1045 3419 1103 3483 plur
1125 3433 1212 3481 seusu,
1226 3432 1279 3468 nou
1299 3418 1344 3468 illo

236 3501 294 3542 mne
311 3491 423 3555 umqul,
434 3505 510 3556 quem
519 3493 601 3541 multe
617 3491 643 3540 in
659 3491 770 3542 Horetio
809 3494 914 3560 quidem
925 3496 990 3546 setis
1001 3493 1141 3559 explicere,
1152 3493 1292 3559 percipere
1302 3507 1347 3543 no·

236 3581 290 3618 nou
304 3565 397 3630 solnm,
415 3579 504 3616 rerum
518 3565 598 3616 etiem
616 3565 643 3616 iu
663 3566 771 3631 reliquls
813 3569 854 3621 bie
867 3571 995 3635 rimetur,
1010 3585 1090 3636 quem
1106 3569 1192 3620 uerbis
1208 3567 1346 3620 declarem

237 3642 774 3708 occurruut‚quae,eteieuirunmncetrum
813 3661 953 3712 possumne.
986 3647 1088 3700 Quibus
1105 3658 1195 3698 temen
1210 3646 1290 3698 rebus
1308 3647 1348 3696 in·

237 3722 368 3774 insultem
377 3726 479 3786 portem
491 3733 560 3768 nuuc
572 3718 675 3784 quidem
687 3733 772 3770 ruove-
813 3722 948 3788 dependis,
963 3723 986 3773 ei
1007 3723 1034 3772 in
1051 3723 1164 3788 antiquis
1180 3722 1348 3772 monimentis

239 3805 294 3861 eut,
313 3799 339 3849 iu
353 3796 516 3863 popularium
532 3801 632 3845 mentes
643 3797 773 3860 magneti
812 3799 875 3848 nibil
886 3799 931 3862 eit,
948 3814 1000 3865 qno
1009 3798 1111 3862 ulteris,
1122 3813 1173 3848 uon
1187 3813 1347 3864 meguopere

238 3873 483 3940 egerint,riquidem
494 3871 521 3922 ln
532 3871 596 3936 ipris
608 3871 702 3934 verbis,
712 3887 771 3936 qore
812 3874 999 3939 indulgendum
1015 3887 1118 3937 oeneeo,
1134 3888 1167 3924 ue
1184 3875 1213 3924 ln
1234 3874 1348 3940 ineptis·

239 3948 405 4013 edbibentur‚
422 3951 449 3999 in
460 3963 548 3998 eorum
562 3945 633 3998 flexu
649 3953 677 3998 et
695 3948 773 3997 eollo·
813 3965 869 4000 rum
878 3957 907 4000 et
918 3950 1074 4000 somniorum
1081 3965 1211 4015 campum,
1219 3951 1247 4001 in
1257 3965 1347 4002 omnes

240 4024 344 4074 cerione
355 4026 440 4090 eliqua
452 4025 490 4075 vis
501 4025 583 4075 lutere
593 4023 686 4089 posuit,
702 4038 772 4088 que,
813 4031 902 4090 portes
914 4026 969 4075 lete
980 4031 1124 4090 petentem,
1141 4025 1286 4090 pumenius
1302 4027 1348 4076 lm·

239 4115 299 4152 enm
308 4113 403 4164 rerum,
409 4102 442 4152 ed
454 4117 518 4167 quse
524 4109 597 4154 tecte
608 4102 717 4154 ellurum
728 4103 773 4166 eit,
813 4108 877 4166 petu
890 4101 1033 4166 deduceris,
1040 4102 1111 4152 unde
1125 4103 1211 4152 exitere
1224 4101 1295 4152 bend
1306 4111 1349 4152 est

241 4173 443 4243 lgnerltueriet,
459 4177 501 4228 rel
518 4183 774 4244 veterumgrmue
812 4176 939 4234 inieedi'
970 4177 1349 4246 surguntne-uper.
