2817 4792
217 331 263 395 oo
665 349 714 398 na
737 349 876 398 sariri

260 492 300 556 lu
328 493 381 556 his
406 491 601 559 Graacornm
623 493 748 558 fabulis
769 496 937 579 satyricis,
970 495 1144 577 precipue
1176 493 1327 558 comico-

186 597 188 604 '
217 613 289 658 rum
310 593 493 676 po'c'tarum,
517 599 550 658 et
572 596 762 674 comoetliis,
781 598 919 680 antiqua
941 595 976 658 in
999 596 1114 678 primis
1136 601 1172 658 ei
1201 595 1327 671 media,

217 696 400 777 harumque
421 695 541 772 choris,
566 699 719 778 (quorum
742 706 872 770 contris,
900 717 977 762 cum
1000 699 1132 762 musica
1162 701 1198 761 et
1224 697 1330 760 salm-

218 795 306 859 tione
327 795 505 880 conjuncti,
519 816 582 859 uon
602 815 779 877 sermones,
793 818 869 862 cum
888 801 1020 863 actione
1039 800 1257 883 potissimum
1268 817 1328 862 co

220 1007 390 1058 Romanarum
406 1007 545 1070 Atellanis,
555 1009 611 1071 ejus
629 1008 750 1060 imitatri-
790 1012 825 1060 tis
847 1012 909 1061 satis
928 1012 1007 1076 longa
1025 1009 1216 1060 cousuetudine
1234 1007 1332 1072 proba

219 1082 302 1146 cibus,
312 1084 485 1146 concluditur,
501 1100 575 1150 a‘que
592 1100 622 1134 sc
639 1086 749 1149 tragica,
790 1095 852 1150 tam,
863 1097 892 1136 et
909 1088 942 1137 ad
954 1085 1106 1136 relaxandos
1125 1087 1236 1147 animos,
1247 1085 1330 1149 tragi-

219 1159 330 1224 priscaut
342 1160 445 1226 quidem
458 1161 564 1210 retinuit
576 1161 751 1212 adornatiouis
790 1180 877 1213 carum
897 1164 965 1214 forte
985 1179 1068 1213 rernm
1088 1162 1231 1212 atrocitate
1248 1161 1329 1224 paulo

219 1237 420 1300 simplicitatem,
433 1239 470 1286 ita
485 1245 515 1286 ut
526 1237 622 1288 fabulae
638 1253 687 1288 nec
704 1238 750 1287 im·
791 1239 898 1290 allectos
915 1241 1100 1301 vehementius,
1110 1238 1175 1287 tnirc
1188 1252 1268 1302 qnam
1285 1251 1329 1284 ac·

220 1312 325 1376 plicata
340 1319 436 1374 essent,
452 1327 500 1362 nec
512 1312 750 1376 valdeproductre3
791 1316 986 1366 commodatam.
1021 1315 1123 1364 Umata
1140 1312 1254 1363 subinde
1270 1313 1328 1362 trec

219 1389 311 1438 sedin
340 1390 458 1440 comodis
477 1390 576 1439 civibus
604 1389 710 1440 licentia
726 1391 751 1440 ei
791 1390 1080 1455 ratioartepo'e'tsrour‚
1097 1388 1328 1453 accepitaliqasm

220 1465 419 1516 dissimilisfuit.
453 1465 596 1515 Haceuim
614 1467 751 1530 pristinam
792 1467 929 1516 suavitatis
959 1469 1031 1516 velut
1055 1465 1243 1526 secesionem,
1267 1479 1327 1528 qua

219 1625 307 1667 tamen
327 1619 491 1682 temperavit.
536 1620 591 1668 Ista
609 1634 670 1670 vcro
685 1622 752 1670 ratio
791 1627 841 1670 ret.
876 1619 1089 1684 Ionpealiafuit
1104 1621 1130 1668 iu
1149 1619 1251 1682 dispari
1269 1631 1329 1667 con·

220 1693 302 1742 omnis
314 1695 450 1757 populares
463 1694 602 1744 cavillandi
617 1696 645 1744 iu
661 1695 752 1746 Attica
790 1699 849 1746 silio
859 1698 1021 1747 comicorum
1031 1695 1161 1760 ratio,qui
1163 1693 1328 1759 jocularibus

220 1782 297 1817 scena
314 1770 461 1818 transmissa
479 1777 521 1819 est
538 1771 570 1820 ad
588 1771 753 1831 Comicus‚—
792 1772 930 1822 fundendis
941 1773 980 1821 ita
989 1773 1161 1835 peragrabant
1168 1785 1218 1834 per
1226 1769 1324 1818 animos

220 1845 310 1910 quibus
329 1847 461 1910 proprium
477 1847 527 1896 boc
545 1855 609 1911 puto
623 1846 711 1908 fuisse,
724 1855 753 1899 ut
792 1847 932 1910 bominum,
950 1848 1087 1897 itasenaus
1102 1853 1259 1910 mentesque
1270 1859 1328 1908 per·

221 1923 365 1972 nousolnm
381 1923 520 1988 equalium
535 1937 619 1974 mores
636 1931 663 1974 et
681 1925 754 1974 insti-
793 1925 951 1987 mulcebant,
970 1932 1000 1973 ut
1024 1938 1089 1986 opus
1111 1937 1163 1972 uon
1184 1931 1257 1971 esset
1278 1921 1327 1970 isto

221 2003 279 2052 tuta
295 1999 419 2062 carpendi
436 2001 588 2050 malevolam
605 2001 754 2051 libertatem
794 2015 868 2050 novae
885 2007 913 2050 et
929 2000 1034 2049 diuude
1055 1999 1188 2050 arcessite
1205 1998 1327 2062 choragio

221 2083 392 2140 assumerent,
404 2078 449 2126 sed
467 2081 548 2128 omnia
565 2081 667 2143 generis
684 2095 755 2131 scnr·
795 2076 982 2128 delectationis.
1014 2077 1096 2126 Multi
1104 2090 1208 2141 quoque
1225 2075 1326 2126 Comici

223 2150 346 2202 uilitatem
359 2161 387 2202 et
395 2153 525 2203 licentiam
537 2157 756 2218 amplexarentur.
796 2167 872 2214 res,e
884 2153 939 2203 vita
953 2153 1084 2203 communi
1093 2152 1199 2216 petitas,
1210 2152 1326 2216 adeoque

220 2229 348 2293 Equidem
359 2229 480 2292 Tragicos
492 2230 600 2280 dixerim
617 2232 753 2281 severitati
793 2243 846 2278 non
857 2243 906 2278 ess
923 2230 1067 2279 cortsectati
1090 2236 1160 2290 sunt,
1175 2229 1203 2277 iu
1221 2241 1327 2291 quarum

220 2305 344 2370 aptiores,
361 2306 461 2356 virilem
478 2306 632 2372 sapientiam
649 2323 680 2358 ac
697 2322 754 2358 sen-
788 2306 999 2376 [communionem
1016 2305 1144 2369 quandam
1162 2304 1254 2368 Satyri
1274 2319 1328 2368 pus

222 2381 359 2432 temlerum
377 2384 531 2446 gravitatem
544 2384 694 2449 Satyrorum
711 2386 754 2450 ju·
796 2390 856 2432 seut
866 2381 1034 2446 probabiliter
1045 2380 1156 2429 adduci:
1174 2388 1204 2430 ut
1215 2389 1325 2441 taceam,

220 2457 298 2506 ueniti
320 2457 451 2508 hilaritate
473 2467 644 2522 temperasse3
668 2460 754 2510 Comi·
794 2457 1178 2522 nequedecltorissatyrorusr
1190 2457 1216 2504 iu
1235 2454 1327 2506 fabalia

221 2546 276 2594 cos,
296 2533 379 2581 animo
398 2533 432 2582 ad
449 2535 609 2585 irridendum
627 2543 697 2596 usto,
721 2534 754 2585 ad
793 2533 1030 2598 comico-satyricis,
1042 2546 1127 2597 neque
1138 2532 1172 2581 de
1183 2532 1272 2581 choris
1289 2547 1327 2581 ea·

222 2608 389 2659 solutissimas
417 2608 580 2660 descendisse
600 2611 756 2675 junctiones,
794 2627 851 2662 rom
868 2613 895 2661 in
912 2609 1206 2675 universumquicquam
1218 2611 1327 2660 relatum

223 2699 254 2734 ac
264 2683 422 2734 subabsurda
433 2687 532 2752 queris
541 2693 569 2736 et
581 2687 690 2738 ridicula
699 2703 755 2738 rer·
795 2685 1146 2739 inveni—Quemadmodum
1162 2699 1225 2734 tero
1243 2686 1326 2748 pnite

222 2761 291 2813 sibus
302 2761 433 2816 elfutiisse.
467 2765 571 2830 Quippe
588 2765 626 2814 illi
640 2765 755 2815 delecta·
796 2762 1024 2827 comico-satyrici,
1042 2761 1089 2827 qui
1115 2761 1281 2810 contumelia
1302 2767 1328 2809 et

224 2839 319 2890 tionem
351 2847 525 2906 spectatorum
551 2857 609 2891 cunr
643 2843 756 2893 utilitate
795 2840 922 2890 irrisionis
930 2854 1008 2891 eausa
1016 2838 1133 2888 fabulosa
1148 2845 1327 2886 sumserauta

223 2917 334 2980 quadam
351 2917 523 2981 copulabant3
549 2917 584 2980 lri,
598 2916 682 2982 plebis
700 2925 756 2968 tan-
795 2919 910 2982 Tragicis
926 2923 1089 2981 argumenta,
1108 2915 1231 2964 heroibus
1252 2917 1329 2981 prisci

224 2999 277 3042 tum
293 2992 368 3041 modo
385 2991 466 3042 lavari
483 2991 615 3056 velificati,
633 2993 757 3044 adbibere
799 2994 847 3042 reti
860 3007 944 3042 mores
963 2992 1078 3042 tribuere
1089 2991 1249 3053 inhonestos,
1261 3001 1287 3042 ct
1299 2993 1329 3040 ri·

223 3068 313 3118 animis
330 3070 500 3132 voluptatem,
518 3085 615 3135 eosque
635 3072 696 3120 dare
713 3071 756 3134 ju·
798 3068 1039 3119 diculumbabitum
1056 3065 1180 3130 affingere
1199 3069 1328 3130 solebant,

224 3143 352 3194 canditati
371 3145 558 3196 volebant-u.
585 3147 689 3210 Tragici
712 3162 756 3211 po·
796 3147 841 3212 qui
859 3149 1011 3210 Satyrorum
1041 3159 1117 3208 pene
1141 3144 1328 3207 turpitudinem

224 3219 406 3285 &tumentique
419 3223 613 3273 retinentissimi
633 3224 756 3288 simplici·
796 3229 962 3289 exequeret:
979 3221 1017 3270 ita
1033 3221 1059 3271 in
1070 3221 1174 3280 tabulis,
1184 3219 1219 3270 sd
1229 3220 1327 3271 dames·

224 3295 295 3358 tatia,
303 3296 453 3359 Satyrorum
473 3298 596 3348 saltantes
611 3300 702 3349 choros
719 3301 756 3349 in·
796 3300 858 3350 tica
877 3300 939 3348 rite
959 3298 1097 3362 imaginem
1119 3296 1290 3360 adumbratis,
1307 3296 1328 3345 si

225 3373 375 3434 traduxero,
402 3375 493 3424 comici
521 3381 566 3425 sut
591 3375 757 3426 excluserunt
797 3376 847 3426 civi
868 3375 979 3440 cuipiam
999 3373 1109 3423 illudere
1127 3373 1230 3421 vellent
1249 3379 1325 3438 atqne

224 3450 311 3515 plane,
327 3456 381 3512 aut,
393 3451 531 3502 acrioribus
550 3461 622 3502 certe
634 3453 756 3518 temperi·
796 3450 999 3511 incommodare,
1015 3449 1072 3499 bec
1087 3446 1190 3498 videtur
1206 3461 1260 3499 noo
1270 3463 1326 3498 raro

225 3527 613 3589 bus,ricemcorumetmunus
633 3528 756 3579 irrisionis
796 3527 867 3576 frans
887 3532 992 3575 versata
1020 3538 1087 3587 esse,
1105 3532 1136 3573 ut
1154 3537 1215 3572 eum
1242 3525 1326 3589 Satyri

224 3603 342 3657 mutand
351 3603 414 3653 alios
423 3601 579 3653 detulerunt.
603 3605 755 3656 Quusenim
795 3617 931 3668 personam
956 3611 984 3651 et
1005 3615 1089 3650 mores
1112 3604 1187 3663 gestu
1205 3600 1326 3663 juberent

225 3680 374 3745 superstitio
390 3679 417 3728 iu
436 3679 531 3728 Bacchi
544 3679 672 3744 quoddam
684 3682 757 3745 qusai
796 3687 874 3744 atque
893 3679 982 3729 babitu
995 3676 1100 3727 referre.
1134 3676 1212 3728 Quod
1228 3677 1326 3741 quidem

225 3759 375 3808 satellitium
395 3757 533 3817 asciverat,
552 3755 632 3806 Sileni
653 3757 762 3820 Satyro:
797 3755 932 3821 petrarum
944 3755 1090 3804 institutum
1100 3751 1193 3802 mediae
1204 3751 1232 3800 iu
1245 3753 1326 3816 primis

227 3847 333 3898 rumque
344 3833 423 3896 ultori,
438 3847 496 3882 cum
513 3833 571 3882 rudi
590 3831 759 3896 agricolarum
799 3847 829 3882 uc
842 3847 913 3881 nore
925 3830 1066 3880 Comoedias
1083 3827 1245 3892 temporibus
1264 3829 1328 3878 miri-

226 3909 370 3959 imitatione
381 3908 561 3972 repraesentati
570 3908 760 3972 primordiade·
799 3907 849 3957 tice
870 3906 1012 3970 juvabatur
1029 3903 1122 3969 insigni
1144 3904 1190 3953 illa
1212 3917 1325 3967 persons·

227 3988 393 4038 dissentiatis
405 3987 510 4050 sabulis,
521 3989 685 4037 intercetcra
698 3987 760 4037 Dio·
799 3999 856 4034 rum
875 3997 920 4032 sen
940 3984 1078 4043 larvarum,
1099 3979 1193 4044 qulbus
1212 3980 1324 4030 instructi

226 4065 358 4128 nysiorurn
364 4065 480 4113 solennia
488 4063 640 4112 celebratis:
652 4061 760 4127 Tragici
798 4061 935 4111 histriones
948 4059 1097 4122 prodibant,
1115 4062 1144 4106 et
1160 4057 1287 4106 varietate
1299 4061 1324 4106 et

227 4152 302 4207 pene
311 4139 480 4187 necessariam
493 4139 679 4201 judicaverunt
693 4140 758 4189 ltanc
799 4136 973 4190 deformitate.
1006 4137 1066 4188 Quo
1081 4135 1268 4197 magistatem
1285 4134 1323 4182 Sa·

227 4221 380 4282 Satyrctum
390 4213 574 4284 inductionem,
584 4221 612 4267 et
620 4215 760 4282 antiquita·
799 4216 853 4280 tyri
865 4220 919 4264 tum
930 4212 1046 4277 corporis
1057 4208 1138 4274 uitiis,
1153 4214 1211 4259 tunt
1225 4207 1322 4259 lasciua
