2817 4792
551 388 760 456 rnnrnrio.
1182 384 1205 450 i

89 571 181 632 nere
205 551 287 630 mihi
311 560 422 641 liceat,
444 559 494 627 itu
517 565 638 638 tamen,
664 563 702 630 ut
724 561 914 624 resecentur
934 553 1104 632 nonnulla,
1130 567 1205 637 quse

91 665 170 734 huc
185 685 252 732 non
266 669 426 748 spectent,
448 669 483 728 et
495 654 692 748 adjiciantur
706 660 786 724 ulie.
1227 697 1234 710 ·

148 765 266 833 Prima
279 767 393 849 utique
408 770 441 830 et
461 769 620 852 perpetue
641 781 722 828 cure
744 763 809 827 tuit
826 761 912 839 boec,
935 765 983 836 ut,
1007 758 1208 842 quicumque

99 877 185 934 ineu
210 869 354 934 editione
379 873 535 945 uerene,
561 866 661 930 uliam
684 883 752 929 non
775 879 976 947 magnopere
999 857 1210 938 desideraret,

98 966 167 1036 sed
183 971 219 1034 in
240 989 282 1034 ee
301 971 470 1054 reperiret,
492 966 652 1053 quicquid
674 967 754 1032 boni
776 971 810 1029 et
831 965 985 1050 preclari
1009 959 1052 1027 od
1073 960 1210 1045 pedm

97 1071 345 1136 emendandum
395 1069 695 1152 illustrandumque
745 1067 937 1150 interpretes
986 1063 1209 1128 conbdismt.

99 1174 249 1258 Semper
260 1177 345 1238 enim
360 1175 440 1237 mihi
456 1173 627 1257 displicuit
647 1189 722 1234 mos
734 1174 768 1233 et
781 1165 983 1232 consuetudo
1005 1177 1129 1243 eorum,
1151 1157 1210 1248 qui

99 1275 221 1339 ubivis
236 1275 388 1352 lectores,
407 1275 508 1338 etium
531 1268 682 1336 obscuris
697 1272 733 1334 in
754 1268 840 1334 iocis
862 1285 904 1332 eo
924 1267 1036 1345 rebus,
1056 1267 1101 1331 ed
1121 1265 1212 1332 elius

99 1375 276 1440 remittunt
300 1373 475 1451 editiones,
499 1373 651 1457 adeoque
673 1371 762 1436 benc
785 1371 830 1434 iis
853 1369 1083 1434 neeesuetem
1104 1369 1211 1451 impe·-

101 1481 200 1554 nunt‚
215 1481 264 1554 ut,
279 1481 363 1560 quot
377 1477 441 1540 sint
464 1475 561 1539 unius
585 1475 760 1558 scriptoris
773 1471 934 1537 editiones
956 1489 978 1534 u
999 1471 1080 1534 viris
1102 1469 1212 1534 doctis

101 1583 245 1656 euratae,
272 1581 323 1642 tet
345 1577 544 1642 habeantet
569 1575 734 1653 coement,
759 1575 800 1652 si,
826 1591 1047 1657 quoecumque
1070 1569 1115 1636 ed
1137 1570 1212 1655 ejus

102 1689 180 1753 sive
204 1687 377 1752 lectionem
404 1689 475 1752 sive
507 1683 809 1768 interpretationem
832 1682 1053 1768 adjuvandum
1076 1683 1121 1748 eb
1142 1683 1212 1750 odi-

103 1791 235 1855 toribus
263 1790 385 1854 collatu
414 1789 490 1866 sint,
517 1805 714 1870 cognoscere
744 1787 892 1871 cupient.
937 1783 1040 1864 Quod
1066 1786 1213 1869 profecto

104 1913 174 1958 non
187 1895 297 1957 minus
311 1893 411 1957 hebet
426 1889 639 1968 incommodi,
663 1909 764 1975 quam
786 1889 827 1969 si,
851 1889 1061 1972 superiorum
1085 1893 1212 1970 tempo-

104 2012 183 2058 rum
201 1995 297 2072 vitio,
320 1993 499 2058 Veriorut'n
513 1997 620 2069 notes,
638 1993 691 2057 rel
705 1997 885 2076 excerptus
898 1991 952 2056 vel
964 1993 1122 2072 integrus,
1144 1987 1212 2052 tuis

106 2085 286 2182 adjungas,
310 2089 377 2179 qu'o
401 2095 450 2172 fit,
475 2098 512 2159 'ut
536 2101 659 2177 preetcr
682 2099 783 2171 recte,
804 2095 896 2156 bonu
921 2097 955 2156 et
979 2091 1086 2169 utilio,
1113 2089 1213 2153 etium

106 2197 283 2280 permulta,
297 2198 368 2267 siue
381 2195 472 2261 falsu
485 2203 519 2260 et
540 2215 562 2258 e
585 2195 821 2278 posterioribus
842 2195 987 2277 interpp·
1009 2194 1081 2277 jem
1096 2186 1214 2255 confo-

108 2303 191 2376 tate,
207 2299 279 2362 sive
299 2299 448 2382 vulgaria
460 2303 495 2362 et
508 2296 628 2374 aliene,
647 2315 708 2360 nec
723 2296 825 2362 semel
839 2300 980 2373 tentum,
1004 2295 1064 2359 sed
1087 2292 1215 2374 soepies

108 2397 249 2482 legenda
277 2399 353 2476 siut,
383 2405 417 2464 et
444 2386 517 2482 ipse
545 2403 661 2462 auctor
687 2398 722 2460 in
746 2403 904 2462 notorum
929 2397 1029 2472 mole,
1054 2399 1217 2476 tunquam

108 2500 234 2582 cymba
251 2501 286 2564 in
301 2497 449 2576 Oceano,
464 2503 575 2562 uetere
589 2495 753 2562 videaur.
797 2495 870 2579 Ego
890 2497 1032 2561 medinm
1050 2495 1217 2576 ingressus

109 2601 215 2681 mum,
226 2619 304 2685 quae
317 2601 408 2666 bone
421 2601 479 2666 elii
491 2599 623 2676 hebent,
641 2617 718 2663 eum
730 2597 860 2664 delectu
874 2598 1106 2684 excerpende,¹
1122 2601 1167 2673 et,
1178 2597 1218 2657 nt
1319 2641 1325 2648 .

611 2777 719 2840 NOTAE

144 2905 160 2952 1
178 2901 272 2966 neue
283 2901 310 2952 in
321 2900 403 2954 Pras.
415 2901 449 2953 ed
459 2901 553 2966 Virgii.
564 2903 594 2952 Τ.
603 2915 647 2952 ιιι.
687 2905 762 2953 ‘ten
783 2902 914 2968 exiguom,
935 2902 1032 2966 spretis
1052 2913 1085 2950 ee
1104 2897 1220 2963 reiectis,

110 2979 119 3008 ⁸
132 2977 293 3040 Utilissims‚’
304 2976 490 3042 inquit,‘brud
500 2977 577 3028 dubie
586 2991 648 3042 ope·
686 2981 841 3032 ‘utdieeime
850 2978 985 3044 etoptime
999 2991 1110 3044 queque
1124 2977 1153 3026 in
1168 2989 1220 3026 uno

110 3057 161 3104 ‘re
172 3069 189 3104 ι
199 3053 260 3104 viris
280 3053 362 3104 doctis
380 3060 493 3118 ponetur
505 3053 531 3104 in
542 3053 599 3118 boc,
618 3061 648 3104 ut
687 3057 694 3084 ‘
707 3057 771 3108 libro
782 3057 967 3122 comprehense
980 3055 1128 3104 babeamus.
1161 3051 1221 3102 Nisi

109 3131 246 3196 ‘plurium
268 3129 411 3180 editionum
432 3131 510 3194 bens,
533 3145 591 3181 enm
611 3129 649 3179 di·
686 3133 775 3184 ‘enim
796 3134 929 3183 literarum
951 3131 1115 3195 ruriquemm
1133 3123 1221 3178 studio

112 3209 206 3258 ‘lectu
224 3211 308 3256 temen
325 3205 447 3270 prudenti
470 3211 498 3256 et
518 3205 649 3270 diligenti,
688 3209 757 3260 ‘trec
768 3216 815 3259 eut
825 3210 901 3260 simili
913 3209 965 3258 elie
976 3209 1075 3258 ratione
1086 3211 1221 3257 succurre·

111 3283 160 3332 ‘in
171 3295 248 3331 unum
257 3279 404 3343 conferent,
419 3295 503 3346 esque
520 3281 589 3331 bone
603 3295 648 3332 ne·
687 3285 695 3312 ‘
710 3291 821 3350 touque
830 3284 1154 3336 resecenturinutiiisete
1163 3294 1222 3332 nos·

111 3357 169 3407 ‘vis
179 3357 280 3420 opibus,
299 3371 361 3422 ques
379 3357 460 3408 nostri
472 3357 499 3407 in
510 3357 549 3408 bis
562 3357 647 3408 literis
687 3363 695 3390 ‘
709 3363 744 3412 tri
755 3361 844 3412 seculi
854 3362 928 3412 cultu
939 3376 969 3412 ec
980 3359 1056 3426 genie
1066 3358 1161 3420 aliens,
1178 3355 1222 3405 ed·

111 3431 278 3500 ‘prosectns‚
303 3440 399 3483 nostroe
423 3435 509 3484 eteris
535 3435 647 3484 rationes
687 3435 931 3500 ‘jicinntureutem
942 3450 981 3499 ee,
997 3433 1222 3502 quoehuieilten·

110 3511 267 3575 ‘postulare
286 3509 358 3560 forte
381 3509 513 3573 videntur,
534 3511 649 3574 locuple·
688 3515 767 3563 ‘rum
784 3514 849 3577 inci,
868 3515 929 3564 bute
947 3513 1064 3578 poetices
1081 3517 1111 3561 et
1128 3508 1223 3560 udum

114 3587 205 3647 ‘tent,
226 3585 319 3650 quibus
343 3585 438 3636 iterum
460 3587 504 3636 elii
524 3587 649 3652 ungues,
689 3590 990 3655 ‘expolitioni,ecumini
998 3588 1224 3655 pbilosopbioeme·

113 3661 196 3728 ‘qnae
207 3660 327 3712 conferre
344 3677 373 3712 ee
389 3677 465 3726 poree
487 3670 589 3728 putent,
607 3675 650 3714 ee·
688 3667 778 3717 ‘lieris
789 3674 818 3716 et
827 3667 943 3717 historie
960 3665 1080 3715 subtilius
1091 3667 1223 3726 turstatt,

113 3737 264 3788 ‘cessiones
280 3737 421 3802 adjicient:
442 3743 479 3802 ot,
495 3738 522 3788 in
538 3739 650 3790 moleste
689 3745 698 3774 ⁴
711 3743 832 3794 varietati
842 3750 871 3794 et
880 3743 963 3807 copie
973 3740 1107 3801 doctrine,
1116 3752 1225 3790 comen·

114 3814 182 3864 ‘bec
194 3813 353 3864 diversarum
365 3811 586 3880 editionumque
598 3816 649 3866 rin·
689 3822 697 3852 ⁸
709 3817 800 3870 tenes
808 3820 878 3882 sint;
904 3817 954 3867 nisi
976 3817 1124 3866 minuentur
1144 3828 1224 3878 porro

114 3892 201 3958 ‘guiae
225 3892 385 3956 aliquantum
406 3891 480 3942 bonae
502 3891 584 3956 frugis
607 3891 651 3942 he·
689 3897 809 3946 ‘sumtus
828 3897 856 3945 in
877 3901 917 3945 tot
935 3893 1074 3954 editiones,
1090 3906 1154 3957 ques
1174 3891 1225 3942 nisi

113 3967 205 4034 ‘beut‚
225 3967 302 4034 copia
323 3969 491 4034 perveniatur
511 3969 650 4035 aliqnando
690 3971 798 4022 ‘omnes
814 3969 848 4020 sd
864 3983 967 4020 manum
983 3963 1115 4030 habueris,
1130 3980 1224 4031 sapere

114 4045 175 4108 ‘eo,
191 4051 221 4094 ut
238 4046 277 4108 iis,
296 4059 354 4111 qen
375 4049 437 4096 ente
454 4045 500 4096 boe
520 4045 650 4106 ¹ducentos
690 4047 763 4095 ‘non
784 4046 857 4107 iicet,
878 4045 957 4108 inque
981 4048 1081 4092 tentum
1099 4043 1225 4094 librorum

112 4117 175 4172 ‘vel
193 4127 318 4170 centenos
337 4135 418 4172 onnus
435 4135 509 4172 usum
528 4121 597 4174 forte
608 4121 652 4174 be·
690 4121 873 4172 ‘auxiliarium
882 4127 1037 4184 apparatum
1046 4119 1175 4180 taciendh
1186 4131 1226 4168 re·

114 4195 195 4246 ‘bere
213 4201 338 4259 poterent
354 4199 476 4262 aliquem,
486 4213 555 4250 nunc
565 4203 652 4252 eutem
692 4201 839 4248 ‘vocentur
862 4211 925 4247 vero
951 4197 1065 4248 urorum
1089 4197 1225 4246 doctorum

114 4269 180 4334 feet
198 4273 304 4326 omnine
320 4273 416 4328 hebent
430 4275 594 4344 autument
606 4279 654 4330 selu
694 4273 804 4326 ‘studia
814 4273 993 4326 edcertumec
1002 4271 1136 4324 definitum
1146 4269 1226 4321 finem
