2817 4792
201 291 244 370 10
660 313 868 364 enarrare.

198 469 351 536 criticam
372 469 532 534 rationem
553 471 588 532 et
609 468 825 534 subtilitatem
849 465 968 532 animis
990 464 1123 551 assequi
1148 469 1320 550 possunt.
1396 522 1397 537 ,

201 569 440 636 Adulescentes
465 590 608 654 quoque,
635 573 852 651 generosioris
875 571 994 634 saltem
1019 567 1154 644 indolis,
1180 569 1321 630 criticae
1396 566 1397 625 l

203 671 344 756 alicujus
367 671 535 736 facultatis
560 673 706 756 copiam,
732 691 798 755 qua
819 691 916 736 nemo
939 671 1083 753 quidem,
1107 670 1168 752 qui
1192 668 1241 732 nd
1267 670 1322 730 in-
1396 686 1397 761 ἰ

204 793 318 858 genuae
344 774 503 838 doctrinae
528 774 666 856 gloriam
693 775 900 858 solidamque
923 774 1141 838 eruditionem
1166 772 1320 854 aspirat,
1396 778 1397 809 l

206 877 278 942 sine
292 877 412 958 insigni
427 884 461 940 et
475 895 535 940 suo
556 882 590 939 et
612 877 855 961 cujuscumque
876 877 1076 959 disciplinae,
1092 877 1148 939 cui
1169 893 1322 960 operam
1396 902 1397 957 3

205 978 275 1055 dat,
302 977 421 1042 damno
446 978 582 1054 carebit,
598 979 662 1042 sibi
688 997 893 1061 comparare,
911 982 947 1042 et
967 978 1011 1041 ad
1029 978 1114 1041 hane
1132 977 1322 1062 judicandi
1396 964 1397 979 ¹

203 1078 363 1144 rationem
384 1079 505 1144 sensim
518 1077 656 1157 institui,
671 1079 816 1157 formari,
830 1085 865 1144 et
880 1082 1105 1144 acuinecesse
1114 1085 1175 1143 est.
1220 1079 1321 1143 'l'nm
1396 1088 1397 1125 l

207 1181 307 1244 etiam
327 1179 363 1242 id
384 1182 448 1262 egi,
463 1186 501 1245 ut
521 1199 585 1244 nou
607 1180 688 1243 solis
710 1179 882 1262 juvenum,
905 1181 965 1244 sed
988 1181 1162 1246 doctorum
1175 1199 1321 1265 quoqne
1396 1254 1397 1283 ¹

207 1283 349 1346 virorum
363 1284 478 1346 usibus
489 1283 725 1365 qualicumque
740 1301 844 1366 opera
855 1302 931 1346 mea
944 1285 1145 1347 inservirem.
1190 1281 1321 1366 Neque

207 1381 383 1446 luvenalis
406 1383 517 1446 satirae
540 1383 588 1446 ita
608 1383 623 1466 j
704 1383 866 1446 subsidiis
891 1383 1047 1448 librorum
1071 1384 1319 1468 doctorumque
1396 1400 1397 1423 ¹

208 1484 411 1565 ingeniorum
440 1483 557 1549 studiis
584 1486 743 1567 expolitae
770 1491 857 1564 sunt,
881 1491 920 1549 ut
941 1487 1057 1549 critica
1072 1485 1115 1562 in
1139 1487 1183 1550 iis
1207 1505 1318 1569 opera
1396 1490 1397 1577 }

186 1587 309 1669 ,plane
338 1603 547 1666 supervacua
575 1587 629 1650 sit.
682 1587 720 1652 Si
756 1609 837 1654 vero
867 1589 943 1672 quis
971 1589 1141 1672 scriptoris
1169 1589 1318 1673 alicujus
1396 1632 1397 1639 κ

209 1685 330 1752 edendi
355 1686 529 1752 consilium
555 1688 663 1752 auimo
689 1691 805 1771 agitat,
826 1689 862 1753 id
884 1690 1030 1773 primum
1054 1689 1233 1753 contendat
1256 1709 1317 1754 ne·
1396 1728 1397 1731 =

210 1809 306 1854 cesse
319 1795 380 1868 cst,
395 1793 432 1852 ut
446 1793 636 1854 contextum
650 1791 725 1873 ejus
740 1811 838 1874 quam
858 1790 1125 1854 emendatissime
1144 1789 1317 1869 exhibeat,
1396 1810 1397 1885 q

128 1939 131 1946 ι
210 1896 245 1957 et
267 1892 360 1958 labes
384 1892 611 1974 maculasque,
634 1893 841 1956 librariorum
862 1894 918 1957 vel
939 1897 1074 1976 stupore
1087 1893 1140 1957 vel
1156 1889 1318 1956 socordia

211 1993 243 2058 ei
258 2011 423 2076 aspersas,
437 2013 504 2056 una
524 2013 599 2058 cum
620 1995 753 2058 laciniis
774 1994 882 2059 deleat
903 1999 936 2059 et
956 1994 1088 2078 pannis,
1107 2013 1194 2078 quos
1208 1995 1316 2076 inepti
1396 1982 1397 2027 l

211 2094 681 2177 interpolatoresilliaasuisse
694 2096 799 2160 videri
811 2101 962 2179 possunt.
1396 2154 1397 2173 ,

256 2195 413 2262 Fortasse
427 2201 538 2260 tamen
559 2196 619 2258 viri
642 2195 734 2259 docti
754 2199 828 2280 jure
849 2195 1030 2280 meritoque
1049 2195 1187 2260 nimiam
1205 2213 1316 2260 meam
1396 2232 1397 2235 =

211 2299 247 2364 in
273 2319 313 2364 ca
342 2319 376 2364 re
398 2295 651 2382 vituperandam
680 2296 881 2380 judicabunt
914 2297 1133 2361 industriam:
1171 2297 1316 2380 amplitm
1396 2298 1397 2341 l

127 2465 130 2470 .
211 2402 298 2466 euim
319 2401 485 2481 octogiuta
507 2399 652 2478 codices,
674 2400 728 2462 vel
748 2419 847 2464 manu
867 2399 983 2482 scripti
1001 2399 1056 2462 vel
1076 2397 1167 2475 editi,
1187 2402 1221 2462 et
1245 2399 1315 2481 ple*
1396 2404 1397 2487 ᾗ

212 2501 306 2582 rique
320 2499 455 2582 quidem
468 2503 536 2562 tum
549 2519 571 2562 a
584 2501 753 2582 principio
768 2501 812 2564 ad
825 2502 933 2578 linenn
953 2505 1022 2564 tom
1040 2519 1062 2562 a
1075 2517 1129 2562 me
1142 2499 1232 2583 ipso,
1245 2504 1315 2562 tum
1396 2502 1397 2521 ¹

213 2599 466 2664 accuratissimo
488 2597 610 2676 studio,
631 2602 814 2682 comparati
832 2608 920 2665 sunt.
965 2599 1133 2678 Quantum
1154 2600 1315 2666 molestia

213 2701 419 2768 exhauserim
440 2700 475 2764 in
496 2699 722 2782 conquirenda
741 2701 1006 2786 excutiendeque
1027 2706 1123 2766 tauta
1138 2701 1316 2766 lectionum
1396 2698 1397 2745 ³

213 2802 388 2886 farragine,
403 2803 502 2870 facile
515 2803 706 2883 intelligent,
721 2804 781 2886 qui
793 2803 848 2868 vel
863 2823 964 2868 uuum
982 2803 1133 2869 codicem
1147 2803 1317 2886 diligenter

214 2907 420 2970 contulerint.
467 2901 644 2968 Gemuere
661 2903 758 2986 longe
778 2906 928 2968 maxim
941 2905 1114 2969 umetis
1125 2905 1225 2988 hujus
1238 2921 1316 2987 pars

217 3007 261 3074 ad
275 3007 390 3074 manes
403 3005 612 3089 quisquilias,
634 3010 668 3069 et
687 3006 896 3071 librariorum
919 3006 975 3070 vel
999 3012 1169 3090 stuporem
1189 3005 1243 3069 vel
1262 3023 1317 3068 ne·
1396 3052 1397 3067 r

218 3109 409 3192 gligentiam
421 3108 553 3188 redeat3
568 3108 725 3190 exiguum
739 3107 889 3191 proiecto
903 3109 1046 3175 fructum
1058 3109 1136 3173 inde
1150 3115 1183 3172 et
1197 3105 1219 3170 J
1221 3123 1318 3171 uven-

132 3203 136 3216 “
218 3213 282 3278 alis
305 3217 340 3276 et
362 3212 466 3276 lector
490 3210 659 3294 percipere
682 3216 807 3293 potest,
829 3212 927 3296 isque
952 3211 1100 3276 maximo
1123 3209 1206 3273 milri
1235 3207 1317 3272 redi·

216 3313 356 3380 mendus
383 3313 447 3377 suit
473 3313 587 3390 taedio,
617 3320 740 3391 sumtu,
764 3333 878 3398 opera,
902 3318 936 3378 et
957 3311 1130 3398 dispondio
1153 3309 1315 3394 temporis.

219 3414 298 3494 Quo
318 3415 431 3480 labore
454 3414 621 3480 Hercrdeo
642 3422 796 3499 expertus
818 3435 902 3495 sm,
924 3435 1025 3500 quam
1044 3433 1124 3480 vera
1146 3413 1224 3488 sint,
1244 3427 1316 3494 quae

217 3517 344 3586 monrdt
357 3515 475 3601 Heyne
488 3517 524 3580 iu
537 3517 677 3584 Praeiat.
692 3519 737 3583 ad
750 3519 867 3602 Virgil.
888 3517 931 3582 Τ.
948 3533 1005 3582 111.
1048 3514 1232 3578 ‘Virorum
1243 3511 1316 3577 dcc·

219 3627 229 3656 ‘
244 3628 351 3688 torum
368 3617 501 3703 judicia
523 3637 622 3704 snper
635 3621 794 3686 variants
808 3621 961 3687 lectionis
974 3623 1008 3682 et
1024 3617 1180 3683 codicum
1194 3631 1319 3698 compa·

218 3727 229 3758 ‘
243 3725 369 3790 ratione
383 3721 576 3808 plerumque
588 3739 630 3785 ea
643 3725 730 3799 sunt,
740 3729 778 3787 ut
789 3723 870 3786 nihil
882 3719 1099 3786 omittendum
1109 3737 1183 3782 esse
1196 3719 1315 3800 pumat,

220 3827 336 3908 ‘quod
354 3825 391 3890 iu
409 3823 524 3908 aliquo
544 3822 630 3888 libro
651 3824 788 3906 scripto,
808 3824 864 3888 vel
884 3841 929 3888 ex
950 3821 1085 3906 scriptis
1106 3820 1207 3899 edito,
1221 3819 1316 3894 aliter,

197 4001 199 4004 v
221 3930 351 4008 ‘qnam
370 3927 471 4010 vulgo
494 3925 625 4010 legitur,
640 3929 816 3990 eratenim
835 3924 891 3990 sit.
935 3923 973 3990 Si
985 3907 1102 3991 emen
1125 3923 1161 3985 in
1182 3916 1316 4003 Virgilio

220 4027 312 4094 ‘lroc
333 4026 418 4092 iorte
441 4027 581 4094 concedi
604 4030 727 4117 potest,
745 4031 903 4110 tauquam
924 4028 959 4091 in
978 4024 1082 4110 pote
1103 4023 1260 4107 principe,
1279 4017 1316 4083 in

220 4135 316 4218 tquo
339 4127 420 4198 nillil
435 4128 533 4194 nimis
553 4131 627 4200 leue
650 4147 725 4198 csse
749 4129 867 4215 possit,
888 4130 975 4196 etin
995 4144 1063 4211 quo
1082 4123 1213 4190 critices
1235 4114 1316 4186 rudi-
