2817 4792
211 276 278 351 164
534 284 807 349 ιιιοιιιιευι“ιιι
829 285 910 349 stu.
934 300 992 348 ιιι.

210 446 331 511 nullius
358 445 427 511 tere
454 444 563 529 pretii,
577 463 676 529 qnam
701 442 822 509 Romu
845 446 968 511 multas
991 442 1084 511 ardes
1103 444 1339 532 ingentesque

212 566 296 631 opes
310 546 490 635 mandere.
556 562 559 571 ·

646 762 884 783 -Μ

450 868 453 883 '
552 914 976 994 excussus

620 1096 672 1148 AD
688 1096 763 1148 ΒΑΤ.
779 1096 833 1148 ΠΙ.
849 1100 908 1147 118.

261 1259 368 1327 Druso
382 1268 435 1329 est
446 1262 545 1329 lectio
555 1260 701 1327 omnium
716 1261 786 1325 tare
798 1259 970 1325 librorum.
1013 1257 1102 1338 Quae
1114 1258 1148 1323 si
1161 1276 1258 1323 vera
1271 1268 1336 1336 est,

215 1364 390 1432 Iuvenalis
410 1365 598 1449 respexisse
620 1362 750 1429 videtur
774 1362 818 1426 ud
842 1362 1094 1427 somnolentiam
1115 1360 1172 1424 Ti.
1189 1358 1335 1425 Claudii

217 1464 323 1529 Drusi
337 1464 494 1545 Caesaris,
510 1466 551 1529 de
565 1484 673 1549 quav.
689 1463 781 1530 Suet.
794 1462 913 1529 Claud.
929 1482 959 1527 c.
973 1465 1005 1528 5.
1019 1469 1053 1529 ct
1074 1462 1109 1527 8.
1142 1461 1265 1545 Recte
1287 1468 1336 1525 ts-

217 1584 293 1629 men
300 1572 495 1630 monuerunt
502 1568 576 1651 jam
589 1568 654 1631 viri
668 1566 771 1644 docti,
784 1585 849 1631 non
861 1566 947 1629 bene
967 1561 1109 1627 Drusum
1126 1563 1230 1647 jungi
1252 1583 1333 1627 eum

219 1661 329 1727 situlis
341 1664 482 1745 muriam
497 1668 529 1731 h.
538 1687 567 1731 e.
581 1666 701 1749 phocis
711 1688 721 1746 ;
732 1672 767 1732 at
778 1667 945 1749 ingeniose
958 1667 1175 1751 conjecerunt,
1186 1686 1332 1730 somnum

218 1786 301 1847 urso,
314 1768 369 1833 vel
382 1768 504 1833 rectius
517 1787 634 1830 somnos
648 1788 731 1845 urso,
746 1768 840 1850 qnod
860 1768 962 1832 etiam
974 1768 1094 1849 legitur
1111 1769 1148 1830 in
1163 1768 1224 1831 45.
1246 1786 1273 1831 a
1286 1787 1329 1830 m.

219 1888 286 1933 sec.
301 1870 354 1935 51).
367 1874 400 1935 et
411 1870 465 1935 64.
496 1867 624 1934 Notum
647 1872 708 1946 est,
734 1886 832 1932 ursos
851 1887 926 1932 esse
954 1867 1189 1944 somnolentos,
1214 1873 1251 1931 et
1269 1888 1329 1953 per

218 1970 370 2053 hyemem
384 1972 595 2056 potissimum
609 1973 644 2035 in
661 1970 777 2036 lustris
798 1971 868 2035 suis
889 1970 1094 2047 delitescere,
1113 1968 1327 2051 indulgentes

220 2090 338 2136 somno
358 2078 392 2135 et
412 2072 493 2137 nihil
510 2072 738 2137 comedentes:
759 2090 792 2135 ι.
807 2068 949 2136 Aristot.
964 2071 1040 2135 hist.
1055 2070 1155 2134 anim.
1170 2055 1255 2133 'vnn
1269 2071 1323 2135 22.

220 2177 254 2238 et
277 2169 404 2237 Auctor
427 2172 503 2236 libri
522 2171 562 2235 de
590 2172 708 2235 mhab.
735 2172 877 2236 anscult.
901 2192 938 2255 p.
960 2172 1058 2236 1155.
1101 2170 1323 2253 Praegnantes

220 2276 321 2341 etiam
333 2294 432 2353 ursae,
443 2277 480 2338 ut
493 2273 604 2361 verbis
617 2272 719 2338 Plinii
729 2289 811 2336 νιιι.
820 2272 875 2339 86.
888 2294 917 2337 s.
932 2274 987 2337 54.
1002 2278 1090 2349 utar,
1103 2273 1241 2355 ‘primis
1254 2272 1324 2337 die-

220 2378 287 2443 bus
300 2378 353 2443 bis
367 2378 515 2461 septenis
528 2382 598 2442 tem
611 2377 704 2460 gravi
719 2395 836 2441 somno
849 2382 1049 2461 premuntur,
1067 2380 1106 2438 ut
1123 2394 1164 2438 ne
1183 2371 1321 2439 vulneriss

220 2479 287 2542 bus
302 2478 437 2563 quidem
448 2478 589 2543 excitari
603 2484 743 2561 queant:
766 2483 844 2541 ttrnc
857 2477 977 2541 mirum
989 2476 1026 2541 in
1041 2474 1176 2540 modum
1187 2484 1319 2542 veterno

220 2576 536 2664 pinguescamus
559 2577 669 2658 (Cous.
683 2577 823 2644 Aristot
836 2580 860 2645 l.
872 2580 894 2643 1.
908 2577 1058 2645 61801111.
1073 2598 1103 2643 c.
1115 2578 1186 2656 26.)
1227 2576 1319 2643 Idem

223 2679 356 2746 Plinius
372 2698 427 2747 rx.
441 2682 496 2748 13.
520 2700 549 2747 s.
570 2681 624 2745 15.
644 2681 753 2759 docet,
766 2682 892 2746 nnllam
906 2680 1030 2745 animal
1042 2679 1195 2763 graviore
1207 2698 1317 2745 somno

223 2784 329 2868 premi
343 2784 473 2867 phocis,
488 2780 549 2866 (cl.
562 2778 710 2864 Oppiam.
727 2780 809 2846 Hal.
825 2799 850 2846 1.
865 2782 943 2847 408.
964 2787 997 2845 et
1017 2780 1128 2865 Iutpp.
1149 2778 1241 2863 Virg.
1255 2779 1316 2845 Ge.

224 2900 276 2947 tv.
291 2883 382 2961 432.)
394 2883 503 2965 iisqne
516 2877 687 2959 rotulorum
697 2900 817 2947 nomen
828 2882 968 2947 inditum
985 2902 1072 2960 esse,
1087 2880 1177 2965 qnod
1197 2881 1266 2966 ipsis
1284 2881 1315 2945 iu

223 3003 297 3047 norro
312 2987 391 3061 (non
402 2979 524 3066 somno)
536 2980 672 3068 mugitus
684 2982 746 3048 ait.-
767 2980 878 3067 (ἂφῐησι
897 2985 925 3048 ii
945 2982 1042 3065 luctas
1061 2985 1149 3067 φωνὴν
1167 2982 1223 3063 βοῒ,
1242 2982 1314 3049 An·-

223 3088 303 3149 atot.
320 3082 369 3149 H.
383 3081 429 3149 A.
444 3100 494 3149 vl.
505 3084 574 3165 11.)
594 3083 681 3149 unde
694 3090 728 3150 et
738 3084 846 3150 Gallis
858 3106 959 3150 cauus
971 3084 1010 3149 de
1022 3107 1087 3150 mer
1099 3086 1254 3152 (licuntur.

270 3185 358 3266 Quae
374 3205 451 3252 cum
464 3186 514 3252 ita
527 3188 602 3265 sint,
616 3205 711 3251 mens
730 3187 842 3270 poitae
855 3188 905 3252 ita
913 3189 947 3254 h.'
957 3190 982 3253 l.
996 3187 1161 3271 capienda
1174 3188 1311 3254 videtur:

224 3289 382 3375 strepitus
405 3308 556 3355 curruum
575 3290 825 3373 aurigarumque
848 3293 960 3354 tantus
976 3293 1037 3368 est,
1052 3294 1091 3353 ut
1103 3290 1156 3354 vel
1169 3290 1312 3355 animalis

224 3389 449 3457 somniculosa
461 3390 712 3485 expergefacere
723 3394 835 3474 queat.
879 3389 965 3455 Eum
979 3410 1047 3455 non
1065 3392 1211 3475 percepit
1223 3390 1310 3458 Gre-

224 3492 315 3573 vina,
330 3492 388 3577 qui
400 3491 474 3556 hece
489 3491 679 3555 annotavit:
702 3494 713 3524 ‘
729 3490 798 3571 Qui
810 3491 924 3555 vitulis
936 3492 1072 3557 marinis
1087 3491 1205 3558 Romae
1214 3494 1310 3577 possit

226 3612 363 3661 somnus
377 3593 490 3659 excuti
504 3592 627 3668 dicant,
642 3591 701 3675 qui
713 3611 771 3657 eos
788 3592 987 3660 dormiamus
1003 3592 1155 3658 viderunt
1172 3593 1225 3659 ant
1244 3593 1308 3659 Ro-

226 3716 304 3775 mm,
326 3704 542 3779 anteaquam
566 3697 734 3758 terrarum.
777 3692 905 3758 Iocum
922 3693 1114 3759 mendosum
1136 3713 1205 3758 esse
1222 3696 1307 3759 uenio

226 3797 402 3864 nonvidet.
420 3796 727 3879 Legendumautem
737 3794 878 3874 videtur,
891 3794 998 3859 Druso
1008 3794 1177 3881 astuteque
1184 3794 1306 3861 moritu·

228 3914 307 3989 num
320 3920 418 3965 senes
431 3903 506 3964 sunt
519 3900 733 3965 somnolentia
754 3900 909 3983 quumvis
928 3901 997 3964 ulia
1014 3900 1122 3983 possit
1142 3895 1221 3963 ratio
1232 3897 1306 3977 dari,

231 4014 289 4061 cerr
301 4001 407 4067 vetuli
419 4001 540 4081 mariti,
551 4000 609 4086 qui
617 4000 815 4088 juvenculus
824 3998 1000 4080 (luxerunt,
1009 4016 1131 4073 ¹somno
1142 3998 1206 4065 ulto
1217 3998 1302 4084 sopiti

225 4092 378 4184 luceant!
417 4162 419 4167 .
