2817 4792
404 398 602 491 aseensus
625 442 677 491 Ao
700 442 780 491 sar.
804 446 862 494 nr.
1117 428 1183 497 261

47 604 112 651 lv.
131 586 176 651 in
188 584 319 651 Juven.
342 582 572 672 illa-gallina
585 593 618 653 et
631 609 698 651 cam
711 586 879 668 mordetur,
891 589 1023 674 adjecta
1037 608 1077 654 ac
1087 596 1183 657 non:

47 694 59 724 ‘
81 690 186 773 quia
203 688 339 773 gnane
353 690 490 753 maritus
504 689 584 755 nihil
598 690 791 757 soemineum
809 699 916 768 sonat,
929 690 1033 774 (unde
1048 697 1083 757 et
1091 714 1184 777 patr,

50 793 157 877 cerjm
190 811 259 853 voa
276 786 468 876 gallulatait,
492 792 525 855 h.
546 812 576 857 e.
600 792 736 857 viriliter
758 798 867 871 sonat,
891 793 977 857 dixit
1002 792 1103 859 Naev.
1127 810 1187 879 apt

53 892 236 959 Nonium
249 892 282 959 2.
298 911 331 957 n.
347 888 442 975 368.)
462 892 521 957 sed
544 892 668 973 gallina
689 896 777 976 ipsa,
797 915 874 959 cum
888 896 1003 960 salitur
1016 896 1073 959 rel
1085 898 1185 961 initur

52 1014 78 1059 a
94 995 221 1077 gallo,
238 995 408 1059 cristrrlam
423 996 531 1078 ipsius
552 994 731 1072 mordente,
745 995 833 1060 unde
846 996 906 1061 illa
919 996 998 1081 quid
1013 998 1113 1076 exile,
1128 1004 1187 1065 aut

56 1095 271 1179 querulum,
286 1096 340 1161 vel
352 1114 489 1160 raucam
503 1094 600 1159 edero
616 1096 717 1159 solita
730 1100 781 1159 est
793 1116 801 1161 ε
815 1114 894 1161 nam
906 1095 1183 1180 adolesoentolua,

55 1199 135 1280 qui,
153 1204 198 1263 ut
212 1198 263 1261 ita
277 1197 398 1275 dicam,
414 1197 610 1281 gellulascit,
634 1197 756 1262 indicia
780 1199 893 1282 potius
907 1199 1003 1282 quasi
1021 1200 1187 1266 virilitatis

59 1300 234 1365 emisisse
249 1299 379 1378 dieitur,
394 1320 494 1383 quam
508 1300 608 1363 animi
621 1318 739 1383 pamm
755 1301 916 1381 maseuli3
941 1302 1019 1384 galli
1044 1302 1186 1385 denique

59 1406 208 1478 natura,
225 1406 388 1484 quantum
408 1400 544 1465 atterius
559 1400 660 1479 alitis,
676 1402 788 1467 calida
800 1406 835 1466 et
848 1400 968 1467 alacris
980 1408 1044 1480 est,
1058 1422 1098 1468 ac
1112 1404 1186 1488 ejus

63 1502 262 1577 cantilena,
283 1502 341 1565 ubi
366 1504 518 1567 marittnn
542 1520 653 1583 gerere
678 1505 820 1586 occepit,
834 1504 919 1587 ipsis
936 1524 1068 1589 quoque
1084 1505 1187 1571 leoni-

61 1602 132 1666 bus
149 1622 322 1685 pavorem
335 1600 472 1667 incutit!
514 1601 613 1667 Hanc
627 1622 741 1667 veram
755 1604 867 1687 po'etae
880 1612 1021 1671 nentem
1033 1625 1107 1671 esse
1121 1626 1188 1671 non

66 1701 260 1767 dubitabat
287 1700 483 1786 Grangaeus,
509 1703 568 1786 qui
592 1710 702 1769 tamen
727 1704 761 1768 rt
788 1703 848 1769 Ille
867 1708 1039 1786 retinebat,
1053 1690 1187 1773 etlrtrno

64 1805 260 1869 verborum
268 1804 415 1869 ordinem·
423 1824 595 1889 perperam
607 1808 844 1873 constituebat:
862 1806 935 1887 Ille,
944 1810 1018 1874 scil.
1028 1809 1188 1887 adulator,

68 1903 218 1969 miratur
236 1924 338 1969 aorem
360 1915 534 1992 angustam,
550 1929 612 1991 qua
628 1906 760 1971 deterius
778 1930 833 1973 aaa
856 1919 945 1972 tonat
966 1908 1188 1994 gallinarum

68 2004 243 2071 mordetur
257 2028 279 2073 a
291 2007 415 2073 manto.
461 2007 513 2074 cl.
530 2010 761 2096 Bredeukebip
774 2011 810 2074 in
830 2010 1041 2095 syntagmate
1056 2009 1187 2095 Opone.

72 2110 247 2175 scholast.
272 2106 442 2197 (Magazia
452 2109 522 2197 fiir
540 2107 713 2195 lffintliclte
736 2108 869 2175 Salolea
892 2109 958 2173 aad
980 2108 1187 2175 Sclallebrer.

71 2208 158 2276 Vola
178 2230 206 2278 1.
225 2210 267 2276 P.
285 2230 325 2276 11.
340 2234 375 2296 p.
388 2214 464 2279 439.
480 2211 573 2298 440.)
586 2214 739 2297 corrigit:
763 2210 832 2276 Illa
845 2213 918 2278 scil.
935 2233 1091 2299 vox5qaa
1104 2234 1187 2276 ntor-

74 2310 308 2403 detargalliaa
324 2334 346 2379 a
358 2315 483 2393 marito,
496 2317 551 2382 vel
562 2336 622 2400 qua
635 2314 769 2379 deterior
779 2334 831 2377 nea
848 2311 908 2378 lae
920 2336 1020 2393 tonat,
1035 2336 1107 2399 qao,
1123 2323 1186 2381 cet.

73 2412 176 2481 Idem
189 2417 228 2479 τὸ
243 2415 401 2481 mordetur
415 2417 539 2483 dictrrm
552 2418 677 2501 accipit
698 2436 762 2501 pro
779 2414 974 2501 objurgatur,
990 2419 1069 2500 quia
1082 2436 1187 2481 sonus

76 2516 170 2595 galli,
187 2518 221 2581 si
236 2518 374 2601 gallinas
387 2520 556 2601 inerepare
570 2516 733 2593 rideatur,
747 2517 991 2599 ingratissimus
1006 2520 1049 2582 sit
1065 2524 1098 2583 et
1120 2519 1188 2583 siu·

78 2616 219 2696 pueris.
247 2618 313 2683 Sed
325 2621 463 2685 verbum
478 2617 625 2697 mordere,
641 2619 671 2684 si
686 2619 729 2684 de
743 2618 840 2701 gallis
853 2618 1038 2699 adhibetur,
1052 2621 1187 2705 proprio

77 2718 213 2785 ridetur
231 2738 331 2785 sensu
347 2720 555 2806 capiendum.

122 2818 296 2903 Eouidem
320 2822 398 2887 olim
424 2823 621 2907 suspicabar
643 2821 883 2906 reponendum:
905 2844 967 2907 qua
983 2820 1116 2886 deleam
1135 2843 1189 2887 aaa

82 2915 150 2982 Illa
162 2930 267 2999 tonat,
282 2942 348 3005 qua
362 2921 520 2987 mordetur
530 2921 656 3011 gallina
671 2923 797 3003 marito,
812 2924 858 3001 (3.
872 2935 940 2987 aas.
953 2942 1014 3007 pro
1025 2944 1046 2985 a
1060 2922 1190 3004 meato)

82 3022 157 3088 vel:
181 3020 245 3087 Ille
270 3034 371 3104 tonat,
393 3026 443 3088 cai
465 3024 623 3090 mordetur
644 3023 781 3112 gallina,
807 3023 947 3089 maritat.
989 3024 1092 3091 Nune
1111 3044 1191 3090 voro

82 3116 258 3189 levissima
278 3126 457 3191 mutatione
481 3126 586 3209 legere
611 3126 742 3193 dulim:
767 3123 827 3189 Ille
847 3136 950 3203 sonat,
964 3125 1016 3190 cai
1033 3124 1191 3191 mordetur

84 3222 209 3305 gallina
224 3226 352 3304 marito,
365 3232 404 3293 ut
427 3226 491 3308 ille,
515 3228 565 3293 cai
586 3227 698 3291 marito
720 3230 853 3295 doctius
867 3228 993 3295 dictum
1006 3232 1050 3294 sit
1062 3249 1124 3314 pro
1136 3226 1191 3293 itte

86 3325 232 3407 maritas,
251 3327 312 3406 cai,
329 3330 363 3395 b.
378 3350 407 3395 e.
434 3350 456 3395 a
476 3352 542 3417 quo
565 3329 724 3395 mordetur
744 3329 891 3417 galliam
911 3330 1191 3416 quemadmodum

89 3442 143 3510 ap.
168 3429 290 3497 Horat.
317 3430 388 3496 Sat.
411 3448 435 3495 1.
454 3432 579 3498 10.16.
602 3432 695 3510 ‘Illi‚
721 3433 848 3516 scripta
870 3433 992 3515 quibas
1015 3428 1192 3497 commata

90 3530 200 3609 prisea
213 3535 293 3598 viris
307 3532 380 3611 est,'
393 3539 427 3599 et
440 3552 496 3618 ap.
513 3533 573 3601 Sil.
589 3550 614 3598 1.
627 3534 703 3605 280.
719 3537 730 3567 ‘
746 3532 852 3599 Haud
866 3533 969 3599 rdiam
982 3531 1067 3599 vidit
1080 3532 1190 3609 tallua

92 3633 143 3697 oui
157 3654 279 3717 ponere
291 3636 389 3723 finepr
404 3634 439 3701 N
441 3655 483 3701 on
496 3643 609 3719 posset
620 3656 710 3703 mors
723 3656 791 3701 una
805 3634 899 3701 viro?
932 3634 1000 3699 Pro
1020 3630 1071 3698 cai
1089 3632 1190 3697 facile

93 3734 248 3803 substitui
271 3743 402 3831 poterat
426 3759 498 3823 qao,
516 3740 571 3805 vel
591 3740 719 3805 incuria
738 3738 958 3814 librariorum,
972 3736 1028 3799 vel
1044 3733 1156 3817 glossa
1168 3754 1191 3799 a

95 3852 152 3915 quo
165 3840 305 3922 margini
320 3840 476 3925 asoripta‚
497 3858 574 3924 quaa
596 3840 681 3907 forte
705 3840 748 3905 in·
763 3846 893 3908 textum
915 3836 1058 3920 irrepsit,
1080 3840 1113 3901 ot
1133 3834 1191 3898 de·

94 3932 179 4015 inde,
194 3958 271 4003 oum
295 3940 385 4023 leges
407 3941 501 4005 metri
519 3944 620 4005 totam
644 3946 846 4024 respuerant,
871 3936 1014 4006 amida
1028 3956 1074 4004 ex
1096 3941 1191 4020 parte

96 4032 199 4116 ejecta
214 4048 274 4108 est
320 4040 490 4126 Quioquid
513 4061 594 4107 vero
618 4062 661 4107 ex
683 4042 736 4107 his
760 4040 935 4127 placuerit,
959 4040 1117 4105 sententia
1139 4047 1192 4108 est

99 4138 217 4222 eodem,
232 4163 333 4229 quam
347 4142 538 4229 interpretes
550 4143 618 4208 fere
631 4162 744 4208 ornnes
757 4144 792 4207 in
809 4143 843 4208 b.
857 4142 881 4208 l.
895 4142 1003 4207 inesse
1017 4145 1191 4225 putarunt:

101 4230 240 4307 Mirator
250 4264 351 4311 vocem
366 4254 539 4333 angustam,
553 4243 685 4327 exilem,
697 4264 775 4330 quae
788 4264 854 4311 non
865 4244 974 4310 miuus
987 4244 1115 4329 ingrata
1127 4246 1191 4322 eat,
1262 4314 1267 4321 ,
