2817 4792
199 311 244 380 46
587 319 676 370 arra
700 305 914 370 turasius

200 473 374 562 plurimum
387 469 491 554 gratia
505 468 661 533 valebant
681 466 773 550 apud
786 465 937 530 eumdem
949 463 1130 530 Claudium
1147 464 1232 550 Imp.
1252 463 1302 531 ct.

200 577 244 644 ad
257 576 328 641 Sat.
344 591 367 637 r.
382 572 456 640 109.
469 577 503 636 et
519 587 599 635 xiv.
612 569 667 635 ol.

370 759 415 826 A.
430 759 476 826 U.
491 757 531 823 C.
547 757 623 824 802.
669 753 862 822 christiae.
904 753 1081 819 luvenalis
1094 755 1128 819 Θ.

242 898 295 963 De
308 895 569 982 praeceptoribus
579 891 602 958 J
605 891 753 956 uvenahs
766 889 846 954 nihil
858 893 970 974 potest
983 895 1074 953 certa
1085 896 1119 952 et
1132 889 1309 972 explorata

198 993 263 1068 fide
276 999 373 1066 tradi.
418 991 606 1062 Herminius
621 993 767 1078 quidem,
793 991 909 1058 Criniti
931 991 1136 1074 aliorumque
1159 995 1308 1056 auctori·

198 1109 299 1170 tatem
315 1105 457 1189 secutus,
473 1097 516 1164 ad
530 1099 635 1164 vitam
648 1097 836 1174 luvenalis,
860 1115 938 1180 quae
961 1095 1119 1160 Suetonio
1139 1097 1307 1175 tribuitur,

198 1211 299 1283 notat,
315 1223 389 1268 eum
405 1201 571 1267 Frontone
586 1199 815 1265 Grammatico
838 1195 952 1285 (quem
976 1199 1076 1262 etiam
1099 1198 1172 1264 Sat.
1199 1216 1225 1264 1.
1249 1201 1306 1265 12.

197 1309 287 1375 innui
302 1306 438 1391 quidam
452 1300 583 1388 putant)
595 1302 753 1385 magistro
767 1319 864 1366 usum
885 1319 971 1379 esse,
994 1306 1027 1366 et
1050 1301 1095 1365 ab
1117 1319 1159 1365 eo
1175 1319 1309 1367 summa

199 1407 367 1490 diligentia
387 1403 590 1468 institutum:
613 1403 700 1467 hune
722 1403 810 1467 enim
834 1401 991 1468 docuisse
1009 1401 1075 1466 illis
1098 1406 1307 1486 temporibus

198 1505 320 1574 Romae
334 1522 543 1589 magnacum
556 1505 699 1571 nominis
715 1504 917 1582 celebritate,
941 1509 1023 1569 teste
1038 1503 1160 1569 Gellio.
1190 1505 1307 1570 'liam-

197 1607 272 1674 dem
287 1608 332 1672 ob
347 1623 484 1670 causam
497 1603 586 1668 fuere
600 1607 712 1683 etiam,
734 1605 791 1689 qui
815 1603 1011 1670 iuvenalem
1032 1604 1068 1667 in
1091 1604 1322 1696 disciplinam,

197 1707 350 1776 traditum
366 1727 440 1772 esse
455 1705 662 1785 Quintiliano
677 1707 934 1791 suspicarentur.
978 1703 1046 1769 Sed
1058 1724 1162 1790 quam
1175 1707 1308 1774 infirma
1407 1788 1408 1795 ἵ

198 1812 242 1879 sit
265 1813 338 1878 lraec
361 1811 459 1888 ratio,
483 1807 584 1874 facile
606 1809 809 1892 intelligitur.
853 1805 946 1874 Nam
969 1827 1036 1872 non
1057 1807 1157 1875 modo
1182 1807 1305 1877 Romae

197 1915 254 1980 alii
267 1933 399 1998 quoque
413 1919 492 1978 tunc
514 1913 672 1997 temporis
694 1913 784 1996 iique
807 1911 952 1975 celebres
971 1910 1062 1974 luere
1082 1907 1305 1980 Grammatici

197 2021 232 2081 et
253 2013 427 2092 Rhetores,
451 2033 589 2100 quorum
613 2014 745 2078 scholas
764 2011 968 2098 frequentare
988 2014 1097 2096 potuit
1117 2013 1305 2096 luvenalis,
1407 2006 1408 2031 ¹

198 2137 275 2183 cum
300 2136 384 2201 puer
408 2122 505 2194 esset,
533 2116 592 2180 sed
617 2117 720 2180 multo
746 2134 877 2199 quoque
906 2115 1114 2197 probabilius
1138 2125 1203 2194 est,
1228 2139 1304 2183 eum

199 2217 391 2304 quorumvis
428 2217 539 2302 potius
575 2217 715 2281 aliorum
745 2217 947 2281 institutione
975 2218 1155 2281 formatum
1186 2219 1302 2298 fuisse,
1407 2204 1408 2213 ἵ

197 2340 298 2406 quam
327 2317 514 2384 Frontonis·
533 2317 624 2384 illius
652 2323 686 2382 et
715 2315 925 2395 Quintiliani.
984 2317 1054 2382 Hie
1082 2319 1181 2398 enim,
1211 2324 1302 2406 quod

197 2421 470 2507 supradiximus,
492 2421 544 2485 vel
559 2419 685 2498 eodem,
713 2439 779 2503 quo
795 2418 896 2504 polita
909 2425 1029 2498 noster,
1050 2437 1149 2498 anno,
1175 2422 1228 2488 vel
1244 2423 1302 2488 ali-
1407 2476 1408 2495 .

197 2529 289 2606 quot,
306 2521 363 2585 ille
377 2526 486 2585 autem
501 2521 613 2584 multis
628 2523 722 2585 annis
735 2527 813 2606 post
826 2540 903 2584 eum
915 2526 1012 2585 natus
1024 2521 1164 2589 videtur.
1210 2522 1302 2589 Mar-

196 2639 257 2687 cus
272 2625 359 2685 certe
381 2617 551 2684 Comelius
566 2619 702 2700 Fronto,
726 2621 931 2686 clarissimus
945 2620 1083 2701 Rhetor,
1108 2627 1203 2711 cujus
1224 2647 1302 2711 pas·

196 2723 260 2788 sirn
282 2723 480 2788 mentionem
502 2721 585 2788 facit
607 2721 748 2800 Gellius,
773 2720 895 2808 (Noct.
917 2720 988 2788 Att.
1006 2741 1046 2789 rr.
1061 2727 1117 2791 ἢ.
1141 2743 1230 2793 xrrr.
1246 2729 1301 2796 28.

197 2824 400 2890 xlx.8.10.
417 2822 488 2909 13.)
511 2831 697 2908 praeceptor
722 2825 786 2888 suit
808 2822 948 2888 duorum
970 2825 1222 2910 Imperatorum,
1250 2831 1300 2897 Μ.
1407 2872 1408 2919 ζ

195 2925 355 2991 Antonini
374 2925 584 3009 Philosophi,
607 2924 681 3012 (qui
694 2925 727 2989 ei
741 2932 883 2991 statuam
898 2929 933 2990 in
947 2937 1075 3007 senatu,
1091 2935 1302 3000 consulatum

196 3030 231 3092 in
246 3026 330 3092 duos
344 3031 473 3092 menses
488 3028 639 3112 aliosque
659 3029 799 3093 honores
814 3029 979 3113 eontulit)
1000 3039 1034 3095 et
1051 3029 1143 3098 Veri.
1167 3033 1220 3120 (v.
1235 3035 1301 3101 Ga·
1407 3024 1408 3089 ἒ

195 3127 324 3216 pitolin.
346 3129 381 3192 in
395 3128 466 3193 vita
480 3127 602 3194 Anton.
620 3127 748 3193 Philos.
770 3149 800 3194 c.
815 3129 849 3193 8.
865 3137 899 3194 et
911 3131 995 3195 Veri
1010 3153 1041 3199 c.
1056 3135 1088 3198 2.
1113 3134 1243 3202 huson.
1265 3137 1299 3202 in

196 3235 277 3315 grat.
293 3239 371 3310 aet,
393 3229 548 3297 Macrob.
564 3232 633 3296 Sat.
651 3251 685 3297 v.
702 3233 734 3297 1.
750 3240 784 3296 et
803 3233 911 3322 ipsius
927 3232 1102 3300 Frontonis
1126 3235 1236 3322 Epist.
1256 3238 1300 3304 ad

197 3331 351 3398 Marcum
371 3353 426 3417 ap.
450 3332 595 3417 Charis.)
616 3333 802 3399 Antoninus
816 3354 895 3399 vero
912 3337 968 3400 ille
991 3341 1139 3418 regnavit
1157 3361 1188 3407 a.
1205 3341 1250 3407 U.
1267 3363 1298 3408 c.
1407 3370 1408 3397 r

194 3435 351 3502 914-933.
363 3455 392 3498 a.
404 3434 481 3499 Chr.
491 3435 645 3501 161-180.
658 3439 691 3500 et
704 3442 802 3501 nutus
817 3444 868 3501 est
881 3457 911 3502 a.
925 3437 970 3502 U.
983 3459 1013 3503 c.
1029 3440 1104 3506 874.
1129 3439 1207 3508 Ohr.
1222 3445 1297 3511 121.

195 3537 322 3623 aliquot
339 3537 421 3601 sorte
443 3537 613 3601 mensibus
633 3537 688 3602 vel
711 3538 796 3602 adeo
819 3541 914 3604 anuis
936 3547 1172 3625 postmortem
1195 3545 1297 3612 Juve-

193 3641 289 3717 natis,
312 3639 372 3723 qui
395 3638 439 3702 ad
460 3657 622 3703 summanr
645 3639 732 3704 vixit
751 3647 959 3707 senectutem.
1005 3643 1091 3722 Quis
1106 3648 1219 3730 itaque
1234 3649 1296 3714 sibi

193 3743 401 3822 persuadeat,
413 3741 584 3825 utriusque
599 3747 835 3825 praeceptorem
851 3744 954 3809 inisse
970 3745 1168 3811 Frontonem
1183 3749 1295 3816 illumi

238 3837 389 3908 Ceterum
418 3846 447 3908 si
476 3849 569 3928 pater
596 3841 708 3926 poetae
736 3847 839 3907 nostri
870 3842 1002 3932 locuples
1032 3847 1195 3913 libertinus
1223 3853 1295 3930 suit,

194 3939 299 4005 lilium
326 3947 451 4011 artibus
487 3945 677 4011 liberalibus
708 3944 929 4031 honestisque,
968 3951 1088 4034 quibus
1120 3952 1294 4032 nobilium,

194 4039 311 4106 sairam
330 4044 553 4126 ingenuorum,
569 4047 663 4112 liberi
678 4048 941 4129 instituebantur,
959 4052 1169 4118 imbuendum
1183 4073 1293 4120 curare
1407 4096 1408 4131 ,

192 4145 341 4228 poterat3
364 4143 465 4229 idque
480 4151 614 4214 omniuo
629 4167 767 4214 curasse
780 4149 919 4215 videtur.
