<?xml version="1.0" encoding="UTF-8"?>
<!DOCTYPE html PUBLIC "-//W3C//DTD XHTML 1.0 Transitional//EN"
    "http://www.w3.org/TR/xhtml1/DTD/xhtml1-transitional.dtd">
<html xmlns="http://www.w3.org/1999/xhtml" xml:lang="en" lang="en">
 <head>
  <title>
</title>
<meta http-equiv="Content-Type" content="text/html;charset=utf-8" />
  <meta name='ocr-system' content='tesseract 3.04.00' />
  <meta name='ocr-capabilities' content='ocr_page ocr_carea ocr_par ocr_line ocrx_word'/>
</head>
<body>
  <div class='ocr_page' id='page_1' title='image "./djuniijuvenalis04persgoog_0434.png"; bbox 0 0 2817 4792; ppageno 0'>
   <div class='ocr_carea' id='block_1_1' title="bbox 718 375 921 430">
    <p class='ocr_par' dir='ltr' id='par_1_1' title="bbox 718 375 921 430">
     <span class='ocr_line' id='line_1_1' title="bbox 718 375 921 430; baseline 0.005 -2"><span class='ocrx_word' id='word_1_1' title='bbox 718 375 921 430; x_wconf 77' lang='lat' dir='ltr'><strong>ncttnsus</strong></span> 
     </span>
    </p>
   </div>
   <div class='ocr_carea' id='block_1_2' title="bbox 600 675 1032 756">
    <p class='ocr_par' dir='ltr' id='par_1_2' title="bbox 600 675 1032 756">
     <span class='ocr_line' id='line_1_2' title="bbox 600 675 1032 756; baseline 0 0"><span class='ocrx_word' id='word_1_2' title='bbox 600 675 1032 756; x_wconf 59' lang='lat' dir='ltr'><strong>Excute-sus</strong></span> 
     </span>
    </p>
   </div>
   <div class='ocr_carea' id='block_1_3' title="bbox 639 875 963 928">
    <p class='ocr_par' dir='ltr' id='par_1_3' title="bbox 639 875 963 928">
     <span class='ocr_line' id='line_1_3' title="bbox 639 875 963 928; baseline -0.006 0"><span class='ocrx_word' id='word_1_3' title='bbox 639 909 643 916; x_wconf 91' lang='lat'>·</span> <span class='ocrx_word' id='word_1_4' title='bbox 676 875 731 928; x_wconf 77' lang='lat' dir='ltr'><strong>AD</strong></span> <span class='ocrx_word' id='word_1_5' title='bbox 743 875 821 928; x_wconf 72' lang='lat' dir='ltr'><strong>sar.</strong></span> <span class='ocrx_word' id='word_1_6' title='bbox 837 875 888 928; x_wconf 83' lang='lat' dir='ltr'><strong>vl.</strong></span> <span class='ocrx_word' id='word_1_7' title='bbox 903 877 963 927; x_wconf 78' lang='lat' dir='ltr'><strong>tos.</strong></span> 
     </span>
    </p>
   </div>
   <div class='ocr_carea' id='block_1_4' title="bbox 197 1055 1369 4186">
    <p class='ocr_par' dir='ltr' id='par_1_4' title="bbox 197 1055 1369 2648">
     <span class='ocr_line' id='line_1_4' title="bbox 261 1055 1368 1141; baseline -0.005 -15"><span class='ocrx_word' id='word_1_8' title='bbox 261 1097 267 1103; x_wconf 96' lang='lat'>·</span> <span class='ocrx_word' id='word_1_9' title='bbox 309 1057 468 1126; x_wconf 87' lang='lat' dir='ltr'><strong>Bertlrins</strong></span> <span class='ocrx_word' id='word_1_10' title='bbox 481 1059 515 1124; x_wconf 93' lang='lat' dir='ltr'><strong>in</strong></span> <span class='ocrx_word' id='word_1_11' title='bbox 531 1056 675 1123; x_wconf 78' lang='lat' dir='ltr'><strong>Advers.</strong></span> <span class='ocrx_word' id='word_1_12' title='bbox 693 1057 853 1122; x_wconf 52' lang='lat' dir='ltr'><strong>xxrvzb·</strong></span> <span class='ocrx_word' id='word_1_13' title='bbox 869 1055 960 1120; x_wconf 85' lang='lat' dir='ltr'><strong>huuc</strong></span> <span class='ocrx_word' id='word_1_14' title='bbox 976 1062 1114 1120; x_wconf 77' lang='lat' dir='ltr'><strong>versm</strong></span> <span class='ocrx_word' id='word_1_15' title='bbox 1133 1055 1292 1137; x_wconf 68' lang='lat' dir='ltr'><strong>putebat</strong></span> <span class='ocrx_word' id='word_1_16' title='bbox 1309 1075 1368 1141; x_wconf 83' lang='lat' dir='ltr'><strong>spu·</strong></span> 
     </span>
     <span class='ocr_line' id='line_1_5' title="bbox 256 1155 1368 1240; baseline -0.008 -11"><span class='ocrx_word' id='word_1_17' title='bbox 256 1161 350 1229; x_wconf 75' lang='lat' dir='ltr'><strong>tium</strong></span> <span class='ocrx_word' id='word_1_18' title='bbox 368 1181 444 1227; x_wconf 85' lang='lat' dir='ltr'><strong>esse</strong></span> <span class='ocrx_word' id='word_1_19' title='bbox 467 1167 501 1226; x_wconf 85' lang='lat' dir='ltr'><strong>et</strong></span> <span class='ocrx_word' id='word_1_20' title='bbox 522 1159 665 1224; x_wconf 85' lang='lat' dir='ltr'><strong>alienum</strong></span> <span class='ocrx_word' id='word_1_21' title='bbox 689 1157 733 1222; x_wconf 87' lang='lat' dir='ltr'><strong>ab</strong></span> <span class='ocrx_word' id='word_1_22' title='bbox 754 1157 822 1222; x_wconf 78' lang='lat' dir='ltr'><strong>bl.</strong></span> <span class='ocrx_word' id='word_1_23' title='bbox 839 1157 899 1221; x_wconf 91' lang='lat' dir='ltr'><strong>ubi</strong></span> <span class='ocrx_word' id='word_1_24' title='bbox 924 1157 1053 1239; x_wconf 80' lang='lat' dir='ltr'><strong>optima</strong></span> <span class='ocrx_word' id='word_1_25' title='bbox 1076 1155 1131 1219; x_wconf 85' lang='lat' dir='ltr'><strong>sic</strong></span> <span class='ocrx_word' id='word_1_26' title='bbox 1157 1156 1368 1240; x_wconf 82' lang='lat' dir='ltr'><strong>interpoletur</strong></span> 
     </span>
     <span class='ocr_line' id='line_1_6' title="bbox 256 1257 1369 1343; baseline -0.005 -11"><span class='ocrx_word' id='word_1_27' title='bbox 256 1265 436 1332; x_wconf 69' lang='lat' dir='ltr'><strong>sententia.</strong></span> <span class='ocrx_word' id='word_1_28' title='bbox 495 1258 678 1338; x_wconf 81' lang='lat' dir='ltr'><strong>‘Scilioet,&#39;</strong></span> <span class='ocrx_word' id='word_1_29' title='bbox 713 1260 833 1343; x_wconf 89' lang='lat' dir='ltr'><strong>iuquit,</strong></span> <span class='ocrx_word' id='word_1_30' title='bbox 872 1257 1035 1342; x_wconf 86' lang='lat' dir='ltr'><strong>‘quidam</strong></span> <span class='ocrx_word' id='word_1_31' title='bbox 1065 1257 1304 1325; x_wconf 75' lang='lat' dir='ltr'><strong>semi-Gallus</strong></span> <span class='ocrx_word' id='word_1_32' title='bbox 1328 1270 1369 1326; x_wconf 83' lang='lat' dir='ltr'><strong>ut</strong></span> 
     </span>
     <span class='ocr_line' id='line_1_7' title="bbox 256 1359 1369 1445; baseline -0.004 -13"><span class='ocrx_word' id='word_1_33' title='bbox 256 1365 383 1445; x_wconf 65' lang='lat' dir='ltr'><strong>italus,</strong></span> <span class='ocrx_word' id='word_1_34' title='bbox 399 1369 456 1430; x_wconf 89' lang='lat' dir='ltr'><strong>ant</strong></span> <span class='ocrx_word' id='word_1_35' title='bbox 469 1363 555 1428; x_wconf 88' lang='lat' dir='ltr'><strong>adeo</strong></span> <span class='ocrx_word' id='word_1_36' title='bbox 569 1361 755 1426; x_wconf 86' lang='lat' dir='ltr'><strong>Germanus</strong></span> <span class='ocrx_word' id='word_1_37' title='bbox 770 1361 876 1426; x_wconf 89' lang='lat' dir='ltr'><strong>doluit</strong></span> <span class='ocrx_word' id='word_1_38' title='bbox 886 1361 946 1426; x_wconf 85' lang='lat' dir='ltr'><strong>ilic</strong></span> <span class='ocrx_word' id='word_1_39' title='bbox 965 1365 1043 1425; x_wconf 71' lang='lat' dir='ltr'><strong>&#39;aevo</strong></span> <span class='ocrx_word' id='word_1_40' title='bbox 1057 1361 1172 1424; x_wconf 84' lang='lat' dir='ltr'><strong>scisse</strong></span> <span class='ocrx_word' id='word_1_41' title='bbox 1188 1359 1319 1427; x_wconf 76' lang='lat' dir='ltr'><strong>Graecc</strong></span> <span class='ocrx_word' id='word_1_42' title='bbox 1328 1364 1369 1427; x_wconf 77' lang='lat' dir='ltr'><strong>de</strong></span> 
     </span>
     <span class='ocr_line' id='line_1_8' title="bbox 258 1463 1368 1548; baseline -0.004 -16"><span class='ocrx_word' id='word_1_43' title='bbox 258 1467 383 1532; x_wconf 77' lang='lat' dir='ltr'><strong>ticetas</strong></span> <span class='ocrx_word' id='word_1_44' title='bbox 396 1467 472 1531; x_wconf 83' lang='lat' dir='ltr'><strong>illas</strong></span> <span class='ocrx_word' id='word_1_45' title='bbox 486 1465 588 1548; x_wconf 89' lang='lat' dir='ltr'><strong>loqui,</strong></span> <span class='ocrx_word' id='word_1_46' title='bbox 609 1481 671 1528; x_wconf 87' lang='lat' dir='ltr'><strong>suo</strong></span> <span class='ocrx_word' id='word_1_47' title='bbox 689 1482 772 1528; x_wconf 80' lang='lat' dir='ltr'><strong>vero</strong></span> <span class='ocrx_word' id='word_1_48' title='bbox 791 1465 918 1548; x_wconf 81' lang='lat' dir='ltr'>turpius</span> <span class='ocrx_word' id='word_1_49' title='bbox 938 1482 1014 1528; x_wconf 87' lang='lat' dir='ltr'><strong>esse</strong></span> <span class='ocrx_word' id='word_1_50' title='bbox 1030 1463 1170 1528; x_wconf 63' lang='lat' dir='ltr'><strong>naecire</strong></span> <span class='ocrx_word' id='word_1_51' title='bbox 1190 1463 1319 1529; x_wconf 81' lang='lat' dir='ltr'><strong>Latine</strong></span> <span class='ocrx_word' id='word_1_52' title='bbox 1332 1465 1368 1528; x_wconf 83' lang='lat' dir='ltr'><strong>lo</strong></span> 
     </span>
     <span class='ocr_line' id='line_1_9' title="bbox 256 1563 1368 1650; baseline 0 -19"><span class='ocrx_word' id='word_1_53' title='bbox 256 1567 337 1650; x_wconf 86' lang='lat' dir='ltr'><strong>.qui,</strong></span> <span class='ocrx_word' id='word_1_54' title='bbox 360 1585 436 1650; x_wconf 79' lang='lat' dir='ltr'><strong>qum</strong></span> <span class='ocrx_word' id='word_1_55' title='bbox 461 1567 612 1630; x_wconf 69' lang='lat' dir='ltr'><strong>barbaras</strong></span> <span class='ocrx_word' id='word_1_56' title='bbox 636 1563 762 1648; x_wconf 77' lang='lat' dir='ltr'><strong>alioqui</strong></span> <span class='ocrx_word' id='word_1_57' title='bbox 785 1583 852 1628; x_wconf 90' lang='lat' dir='ltr'><strong>non</strong></span> <span class='ocrx_word' id='word_1_58' title='bbox 870 1564 972 1628; x_wconf 87' lang='lat' dir='ltr'><strong>nimis</strong></span> <span class='ocrx_word' id='word_1_59' title='bbox 991 1563 1125 1627; x_wconf 81' lang='lat' dir='ltr'><strong>essent’</strong></span> <span class='ocrx_word' id='word_1_60' title='bbox 1173 1563 1308 1650; x_wconf 81' lang='lat' dir='ltr'>Neque</span> <span class='ocrx_word' id='word_1_61' title='bbox 1323 1585 1368 1646; x_wconf 75' lang='lat' dir='ltr'><strong>rgo</strong></span> 
     </span>
     <span class='ocr_line' id='line_1_10' title="bbox 261 1665 1369 1750; baseline 0 -18"><span class='ocrx_word' id='word_1_62' title='bbox 261 1665 439 1744; x_wconf 83' lang='lat' dir='ltr'><strong>dissimile,</strong></span> <span class='ocrx_word' id='word_1_63' title='bbox 452 1667 534 1731; x_wconf 91' lang='lat' dir='ltr'><strong>mihi</strong></span> <span class='ocrx_word' id='word_1_64' title='bbox 550 1686 678 1750; x_wconf 83' lang='lat' dir='ltr'>semper</span> <span class='ocrx_word' id='word_1_65' title='bbox 693 1666 907 1750; x_wconf 74' lang='lat' dir='ltr'><strong>displicuisse</strong></span> <span class='ocrx_word' id='word_1_66' title='bbox 920 1666 1009 1730; x_wconf 89' lang='lat' dir='ltr'><strong>bunc</strong></span> <span class='ocrx_word' id='word_1_67' title='bbox 1021 1685 1171 1745; x_wconf 79' lang='lat' dir='ltr'><strong>versum,</strong></span> <span class='ocrx_word' id='word_1_68' title='bbox 1187 1669 1256 1750; x_wconf 90' lang='lat' dir='ltr'><strong>qui</strong></span> <span class='ocrx_word' id='word_1_69' title='bbox 1279 1670 1369 1749; x_wconf 77' lang='lat' dir='ltr'><strong>mng&#39;n·</strong></span> 
     </span>
     <span class='ocr_line' id='line_1_11' title="bbox 258 1767 1368 1850; baseline 0 -17"><span class='ocrx_word' id='word_1_70' title='bbox 258 1787 402 1834; x_wconf 78' lang='lat' dir='ltr'><strong>acumen</strong></span> <span class='ocrx_word' id='word_1_71' title='bbox 416 1768 663 1850; x_wconf 79' lang='lat' dir='ltr'><strong>orationemque</strong></span> <span class='ocrx_word' id='word_1_72' title='bbox 677 1767 827 1845; x_wconf 83' lang='lat' dir='ltr'><strong>rhetoris,</strong></span> <span class='ocrx_word' id='word_1_73' title='bbox 847 1767 901 1830; x_wconf 85' lang='lat' dir='ltr'><strong>vel</strong></span> <span class='ocrx_word' id='word_1_74' title='bbox 915 1768 1015 1831; x_wconf 88' lang='lat' dir='ltr'><strong>etiam</strong></span> <span class='ocrx_word' id='word_1_75' title='bbox 1034 1768 1306 1850; x_wconf 66' lang='lat' dir='ltr'><strong>interpolatoris,</strong></span> <span class='ocrx_word' id='word_1_76' title='bbox 1325 1769 1368 1850; x_wconf 76' lang='lat' dir='ltr'><strong>qd</strong></span> 
     </span>
     <span class='ocr_line' id='line_1_12' title="bbox 257 1859 1367 1952; baseline -0.004 -15"><span class='ocrx_word' id='word_1_77' title='bbox 257 1871 332 1938; x_wconf 78' lang='lat' dir='ltr'><strong>doci</strong></span> <span class='ocrx_word' id='word_1_78' title='bbox 358 1869 466 1936; x_wconf 83' lang='lat' dir='ltr'><strong>Cicer.</strong></span> <span class='ocrx_word' id='word_1_79' title='bbox 492 1869 527 1932; x_wconf 91' lang='lat' dir='ltr'><strong>iu</strong></span> <span class='ocrx_word' id='word_1_80' title='bbox 555 1859 685 1933; x_wconf 83' lang='lat' dir='ltr'><strong>Comm.</strong></span> <span class='ocrx_word' id='word_1_81' title='bbox 710 1869 842 1934; x_wconf 81' lang='lat' dir='ltr'><strong>laudati</strong></span> <span class='ocrx_word' id='word_1_82' title='bbox 861 1887 986 1932; x_wconf 86' lang='lat' dir='ltr'><strong>memor</strong></span> <span class='ocrx_word' id='word_1_83' title='bbox 1010 1873 1091 1946; x_wconf 83' lang='lat' dir='ltr'><strong>erat,</strong></span> <span class='ocrx_word' id='word_1_84' title='bbox 1115 1889 1229 1952; x_wconf 81' lang='lat' dir='ltr'><strong>quam</strong></span> <span class='ocrx_word' id='word_1_85' title='bbox 1257 1872 1367 1936; x_wconf 70' lang='lat' dir='ltr'><strong>antido</strong></span> 
     </span>
     <span class='ocr_line' id='line_1_13' title="bbox 260 1969 1365 2058; baseline -0.002 -20"><span class='ocrx_word' id='word_1_86' title='bbox 260 1973 374 2058; x_wconf 73' lang='lat' dir='ltr'><strong>podtae</strong></span> <span class='ocrx_word' id='word_1_87' title='bbox 389 1971 525 2049; x_wconf 84' lang='lat' dir='ltr'><strong>redolet,</strong></span> <span class='ocrx_word' id='word_1_88' title='bbox 546 1977 647 2054; x_wconf 84' lang='lat' dir='ltr'><strong>atque</strong></span> <span class='ocrx_word' id='word_1_89' title='bbox 668 1990 690 2034; x_wconf 85' lang='lat' dir='ltr'><strong>a</strong></span> <span class='ocrx_word' id='word_1_90' title='bbox 705 1970 802 2037; x_wconf 88' lang='lat' dir='ltr'><strong>codd.</strong></span> <span class='ocrx_word' id='word_1_91' title='bbox 823 1971 877 2036; x_wconf 76' lang='lat'><strong>13.</strong></span> <span class='ocrx_word' id='word_1_92' title='bbox 896 1976 931 2034; x_wconf 87' lang='lat' dir='ltr'><strong>et</strong></span> <span class='ocrx_word' id='word_1_93' title='bbox 949 1969 1004 2035; x_wconf 68' lang='lat'><strong>22</strong></span> <span class='ocrx_word' id='word_1_94' title='bbox 1023 1971 1133 2034; x_wconf 83' lang='lat' dir='ltr'><strong>abest.</strong></span> <span class='ocrx_word' id='word_1_95' title='bbox 1181 1971 1365 2056; x_wconf 78' lang='lat' dir='ltr'><strong>Importuu</strong></span> 
     </span>
     <span class='ocr_line' id='line_1_14' title="bbox 255 2069 1365 2158; baseline 0.002 -22"><span class='ocrx_word' id='word_1_96' title='bbox 255 2073 366 2138; x_wconf 33' lang='lat' dir='ltr'><strong>*etiam</strong></span> <span class='ocrx_word' id='word_1_97' title='bbox 388 2079 439 2137; x_wconf 85' lang='lat' dir='ltr'><strong>est</strong></span> <span class='ocrx_word' id='word_1_98' title='bbox 462 2091 529 2137; x_wconf 83' lang='lat' dir='ltr'><strong>vox</strong></span> <span class='ocrx_word' id='word_1_99' title='bbox 556 2069 665 2154; x_wconf 63' lang='lat' dir='ltr'><strong>magur,</strong></span> <span class='ocrx_word' id='word_1_100' title='bbox 691 2077 726 2134; x_wconf 89' lang='lat' dir='ltr'><strong>et</strong></span> <span class='ocrx_word' id='word_1_101' title='bbox 749 2090 869 2136; x_wconf 78' lang='lat' dir='ltr'><strong>mance</strong></span> <span class='ocrx_word' id='word_1_102' title='bbox 891 2071 923 2135; x_wconf 85' lang='lat' dir='ltr'><strong>h.</strong></span> <span class='ocrx_word' id='word_1_103' title='bbox 937 2072 961 2136; x_wconf 91' lang='lat' dir='ltr'><strong>l.</strong></span> <span class='ocrx_word' id='word_1_104' title='bbox 987 2073 1161 2148; x_wconf 83' lang='lat' dir='ltr'><strong>sententia,</strong></span> <span class='ocrx_word' id='word_1_105' title='bbox 1189 2093 1275 2156; x_wconf 83' lang='lat' dir='ltr'><strong>quae</strong></span> <span class='ocrx_word' id='word_1_106' title='bbox 1301 2092 1365 2158; x_wconf 79' lang='lat' dir='ltr'><strong>quo</strong></span> 
     </span>
     <span class='ocr_line' id='line_1_15' title="bbox 256 2171 1364 2256; baseline -0.001 -16"><span class='ocrx_word' id='word_1_107' title='bbox 256 2173 363 2240; x_wconf 82' lang='lat' dir='ltr'><strong>modo</strong></span> <span class='ocrx_word' id='word_1_108' title='bbox 378 2173 551 2240; x_wconf 89' lang='lat' dir='ltr'><strong>commode</strong></span> <span class='ocrx_word' id='word_1_109' title='bbox 565 2171 693 2255; x_wconf 78' lang='lat' dir='ltr'><strong>expleri</strong></span> <span class='ocrx_word' id='word_1_110' title='bbox 713 2173 832 2255; x_wconf 81' lang='lat' dir='ltr'><strong>possit,</strong></span> <span class='ocrx_word' id='word_1_111' title='bbox 846 2174 907 2236; x_wconf 85' lang='lat' dir='ltr'><strong>vix</strong></span> <span class='ocrx_word' id='word_1_112' title='bbox 926 2191 1095 2256; x_wconf 84' lang='lat' dir='ltr'><strong>assequor.</strong></span> <span class='ocrx_word' id='word_1_113' title='bbox 1141 2173 1245 2241; x_wconf 87' lang='lat' dir='ltr'><strong>Num</strong></span> <span class='ocrx_word' id='word_1_114' title='bbox 1260 2195 1364 2239; x_wconf 78' lang='lat' dir='ltr'><strong>sersus</strong></span> 
     </span>
     <span class='ocr_line' id='line_1_16' title="bbox 197 2267 1363 2360; baseline -0.006 -17"><span class='ocrx_word' id='word_1_115' title='bbox 197 2267 204 2274; x_wconf 68' lang='grc'><strong><em>’</em></strong></span> <span class='ocrx_word' id='word_1_116' title='bbox 262 2282 326 2354; x_wconf 85' lang='lat' dir='ltr'><strong>est,</strong></span> <span class='ocrx_word' id='word_1_117' title='bbox 345 2277 474 2360; x_wconf 82' lang='lat' dir='ltr'><strong>turpius</strong></span> <span class='ocrx_word' id='word_1_118' title='bbox 495 2293 570 2339; x_wconf 86' lang='lat' dir='ltr'><strong>esso</strong></span> <span class='ocrx_word' id='word_1_119' title='bbox 592 2272 764 2337; x_wconf 85' lang='lat' dir='ltr'><strong>Romanis</strong></span> <span class='ocrx_word' id='word_1_120' title='bbox 782 2272 913 2351; x_wconf 71' lang='lat' dir='ltr'><strong>latine,</strong></span> <span class='ocrx_word' id='word_1_121' title='bbox 933 2293 1035 2356; x_wconf 79' lang='lat' dir='ltr'><strong>quum</strong></span> <span class='ocrx_word' id='word_1_122' title='bbox 1054 2272 1195 2352; x_wconf 82' lang='lat' dir='ltr'><strong>Graece,</strong></span> <span class='ocrx_word' id='word_1_123' title='bbox 1216 2278 1363 2341; x_wconf 76' lang='lat' dir='ltr'><strong>nesciret</strong></span> 
     </span>
     <span class='ocr_line' id='line_1_17' title="bbox 258 2373 1364 2461; baseline -0.003 -21"><span class='ocrx_word' id='word_1_124' title='bbox 258 2395 305 2442; x_wconf 72' lang='lat' dir='ltr'><strong>,an</strong></span> <span class='ocrx_word' id='word_1_125' title='bbox 330 2378 460 2461; x_wconf 88' lang='lat' dir='ltr'><strong>turpius</strong></span> <span class='ocrx_word' id='word_1_126' title='bbox 486 2373 627 2440; x_wconf 82' lang='lat' dir='ltr'><strong>esselis</strong></span> <span class='ocrx_word' id='word_1_127' title='bbox 657 2374 785 2438; x_wconf 88' lang='lat' dir='ltr'><strong>nescire</strong></span> <span class='ocrx_word' id='word_1_128' title='bbox 814 2373 946 2451; x_wconf 61' lang='lat' dir='ltr'><strong>lamine,</strong></span> <span class='ocrx_word' id='word_1_129' title='bbox 971 2391 1071 2457; x_wconf 82' lang='lat' dir='ltr'><strong>quum</strong></span> <span class='ocrx_word' id='word_1_130' title='bbox 1098 2373 1228 2442; x_wconf 81' lang='lat' dir='ltr'><strong>Graece</strong></span> <span class='ocrx_word' id='word_1_131' title='bbox 1255 2379 1364 2461; x_wconf 80' lang='lat' dir='ltr'><strong>loqui!</strong></span> 
     </span>
     <span class='ocr_line' id='line_1_18' title="bbox 262 2474 1363 2563; baseline 0 -19"><span class='ocrx_word' id='word_1_132' title='bbox 262 2479 449 2563; x_wconf 85' lang='lat' dir='ltr'><strong>Utrmnquc</strong></span> <span class='ocrx_word' id='word_1_133' title='bbox 471 2496 540 2542; x_wconf 90' lang='lat' dir='ltr'><strong>uon</strong></span> <span class='ocrx_word' id='word_1_134' title='bbox 562 2475 661 2542; x_wconf 90' lang='lat' dir='ltr'><strong>modo</strong></span> <span class='ocrx_word' id='word_1_135' title='bbox 684 2475 828 2560; x_wconf 80' lang='lat' dir='ltr'><strong>languet,</strong></span> <span class='ocrx_word' id='word_1_136' title='bbox 854 2474 913 2540; x_wconf 87' lang='lat' dir='ltr'><strong>sed</strong></span> <span class='ocrx_word' id='word_1_137' title='bbox 935 2478 1037 2542; x_wconf 85' lang='lat' dir='ltr'><strong>etiam</strong></span> <span class='ocrx_word' id='word_1_138' title='bbox 1059 2477 1148 2540; x_wconf 84' lang='lat' dir='ltr'><strong>mule</strong></span> <span class='ocrx_word' id='word_1_139' title='bbox 1174 2497 1363 2563; x_wconf 73' lang='lat' dir='ltr'><strong>expressus</strong></span> 
     </span>
     <span class='ocr_line' id='line_1_19' title="bbox 258 2585 324 2648; baseline -0.03 0"><span class='ocrx_word' id='word_1_140' title='bbox 258 2585 324 2648; x_wconf 84' lang='lat' dir='ltr'><strong>est.</strong></span> 
     </span>
    </p>

    <p class='ocr_par' dir='ltr' id='par_1_5' title="bbox 211 2681 1364 3578">
     <span class='ocr_line' id='line_1_20' title="bbox 306 2681 1363 2762; baseline 0.003 -15"><span class='ocrx_word' id='word_1_141' title='bbox 306 2681 396 2748; x_wconf 89' lang='lat' dir='ltr'><strong>Olim</strong></span> <span class='ocrx_word' id='word_1_142' title='bbox 420 2684 618 2762; x_wconf 85' lang='lat' dir='ltr'><strong>arbitrabar,</strong></span> <span class='ocrx_word' id='word_1_143' title='bbox 643 2681 795 2746; x_wconf 84' lang='lat' dir='ltr'><strong>fraudem</strong></span> <span class='ocrx_word' id='word_1_144' title='bbox 817 2681 942 2746; x_wconf 87' lang='lat' dir='ltr'><strong>librarii</strong></span> <span class='ocrx_word' id='word_1_145' title='bbox 966 2683 1003 2745; x_wconf 93' lang='lat' dir='ltr'><strong>in</strong></span> <span class='ocrx_word' id='word_1_146' title='bbox 1025 2683 1091 2748; x_wconf 88' lang='lat' dir='ltr'><strong>hoo</strong></span> <span class='ocrx_word' id='word_1_147' title='bbox 1114 2704 1219 2748; x_wconf 83' lang='lat' dir='ltr'><strong>versu</strong></span> <span class='ocrx_word' id='word_1_148' title='bbox 1251 2687 1363 2762; x_wconf 55' lang='lat' dir='ltr'><strong>luteum</strong></span> 
     </span>
     <span class='ocr_line' id='line_1_21' title="bbox 256 2783 1364 2871; baseline 0 -21"><span class='ocrx_word' id='word_1_149' title='bbox 256 2785 416 2871; x_wconf 78' lang='lat' dir='ltr'><strong>idemque</strong></span> <span class='ocrx_word' id='word_1_150' title='bbox 445 2785 605 2870; x_wconf 88' lang='lat' dir='ltr'><strong>suspicati</strong></span> <span class='ocrx_word' id='word_1_151' title='bbox 633 2789 709 2849; x_wconf 89' lang='lat' dir='ltr'><strong>sunt</strong></span> <span class='ocrx_word' id='word_1_152' title='bbox 734 2783 839 2848; x_wconf 89' lang='lat' dir='ltr'><strong>Henr.</strong></span> <span class='ocrx_word' id='word_1_153' title='bbox 866 2783 1052 2867; x_wconf 77' lang='lat' dir='ltr'><strong>Stephanus</strong></span> <span class='ocrx_word' id='word_1_154' title='bbox 1084 2784 1138 2870; x_wconf 85' lang='lat' dir='ltr'><strong>(in</strong></span> <span class='ocrx_word' id='word_1_155' title='bbox 1166 2787 1309 2869; x_wconf 78' lang='lat' dir='ltr'><strong>dialogo</strong></span> <span class='ocrx_word' id='word_1_156' title='bbox 1332 2785 1364 2850; x_wconf 77' lang='lat' dir='ltr'><strong>de</strong></span> 
     </span>
     <span class='ocr_line' id='line_1_22' title="bbox 260 2883 1362 2969; baseline -0.002 -18"><span class='ocrx_word' id='word_1_157' title='bbox 260 2889 344 2951; x_wconf 89' lang='lat' dir='ltr'><strong>bene</strong></span> <span class='ocrx_word' id='word_1_158' title='bbox 367 2886 574 2952; x_wconf 87' lang='lat' dir='ltr'><strong>instituendis</strong></span> <span class='ocrx_word' id='word_1_159' title='bbox 597 2883 711 2950; x_wconf 85' lang='lat' dir='ltr'><strong>Graec.</strong></span> <span class='ocrx_word' id='word_1_160' title='bbox 738 2885 816 2966; x_wconf 83' lang='lat' dir='ltr'><strong>ling.</strong></span> <span class='ocrx_word' id='word_1_161' title='bbox 841 2883 963 2948; x_wconf 90' lang='lat' dir='ltr'><strong>studiis</strong></span> <span class='ocrx_word' id='word_1_162' title='bbox 986 2906 1021 2968; x_wconf 90' lang='lat' dir='ltr'><strong>p.</strong></span> <span class='ocrx_word' id='word_1_163' title='bbox 1045 2883 1117 2969; x_wconf 74' lang='grc'><strong>92.)</strong></span> <span class='ocrx_word' id='word_1_164' title='bbox 1145 2893 1181 2952; x_wconf 86' lang='lat' dir='ltr'><strong>et</strong></span> <span class='ocrx_word' id='word_1_165' title='bbox 1207 2887 1362 2952; x_wconf 80' lang='lat' dir='ltr'><strong>Lubirros</strong></span> 
     </span>
     <span class='ocr_line' id='line_1_23' title="bbox 255 2983 1363 3069; baseline 0 -19"><span class='ocrx_word' id='word_1_166' title='bbox 255 2985 323 3051; x_wconf 87' lang='lat' dir='ltr'><strong>Ille</strong></span> <span class='ocrx_word' id='word_1_167' title='bbox 337 2986 545 3063; x_wconf 83' lang='lat' dir='ltr'><strong>emendabat,</strong></span> <span class='ocrx_word' id='word_1_168' title='bbox 573 2983 643 3052; x_wconf 82' lang='lat' dir='ltr'><strong>Quo</strong></span> <span class='ocrx_word' id='word_1_169' title='bbox 658 2983 699 3046; x_wconf 80' lang='lat' dir='ltr'><strong>sit</strong></span> <span class='ocrx_word' id='word_1_170' title='bbox 714 2993 804 3066; x_wconf 81' lang='lat' dir='ltr'><strong>turpe</strong></span> <span class='ocrx_word' id='word_1_171' title='bbox 817 2985 937 3069; x_wconf 74' lang='lat' dir='ltr'><strong>mugit:</strong></span> <span class='ocrx_word' id='word_1_172' title='bbox 956 2985 1012 3052; x_wconf 90' lang='lat' dir='ltr'><strong>hic</strong></span> <span class='ocrx_word' id='word_1_173' title='bbox 1034 2988 1166 3064; x_wconf 65' lang='lat' dir='ltr'><strong>melius</strong></span> <span class='ocrx_word' id='word_1_174' title='bbox 1200 2987 1312 3056; x_wconf 78' lang='lat' dir='ltr'><strong>Quum</strong></span> <span class='ocrx_word' id='word_1_175' title='bbox 1331 2987 1363 3050; x_wconf 81' lang='lat' dir='ltr'><strong>sit</strong></span> 
     </span>
     <span class='ocr_line' id='line_1_24' title="bbox 256 3084 1362 3172; baseline 0.001 -21"><span class='ocrx_word' id='word_1_176' title='bbox 256 3099 349 3170; x_wconf 79' lang='lat' dir='ltr'><strong>turpe</strong></span> <span class='ocrx_word' id='word_1_177' title='bbox 372 3089 483 3164; x_wconf 78' lang='lat' dir='ltr'><strong>minus,</strong></span> <span class='ocrx_word' id='word_1_178' title='bbox 513 3087 602 3170; x_wconf 87' lang='lat' dir='ltr'><strong>quod</strong></span> <span class='ocrx_word' id='word_1_179' title='bbox 628 3087 756 3170; x_wconf 86' lang='lat' dir='ltr'><strong>recepit</strong></span> <span class='ocrx_word' id='word_1_180' title='bbox 785 3084 956 3150; x_wconf 84' lang='lat' dir='ltr'><strong>Mnrshall.</strong></span> <span class='ocrx_word' id='word_1_181' title='bbox 981 3095 1019 3152; x_wconf 91' lang='lat' dir='ltr'><strong>ut</strong></span> <span class='ocrx_word' id='word_1_182' title='bbox 1041 3107 1135 3154; x_wconf 87' lang='lat' dir='ltr'><strong>mens</strong></span> <span class='ocrx_word' id='word_1_183' title='bbox 1160 3091 1283 3172; x_wconf 70' lang='lat' dir='ltr'><strong>poetae</strong></span> <span class='ocrx_word' id='word_1_184' title='bbox 1307 3093 1362 3155; x_wconf 90' lang='lat' dir='ltr'><strong>sit:</strong></span> 
     </span>
     <span class='ocr_line' id='line_1_25' title="bbox 211 3187 1363 3275; baseline 0.006 -24"><span class='ocrx_word' id='word_1_185' title='bbox 211 3226 213 3232; x_wconf 33' lang='grc' dir='ltr'><strong>ν</strong></span> <span class='ocrx_word' id='word_1_186' title='bbox 261 3187 527 3272; x_wconf 89' lang='lat' dir='ltr'><strong>quandoquidem</strong></span> <span class='ocrx_word' id='word_1_187' title='bbox 551 3188 660 3253; x_wconf 86' lang='lat' dir='ltr'><strong>minus</strong></span> <span class='ocrx_word' id='word_1_188' title='bbox 685 3195 782 3271; x_wconf 85' lang='lat' dir='ltr'><strong>turpe</strong></span> <span class='ocrx_word' id='word_1_189' title='bbox 807 3194 840 3252; x_wconf 90' lang='lat' dir='ltr'><strong>et</strong></span> <span class='ocrx_word' id='word_1_190' title='bbox 863 3189 1068 3256; x_wconf 85' lang='lat' dir='ltr'><strong>inhonestum</strong></span> <span class='ocrx_word' id='word_1_191' title='bbox 1090 3209 1165 3256; x_wconf 75' lang='lat' dir='ltr'><strong>esse</strong></span> <span class='ocrx_word' id='word_1_192' title='bbox 1200 3200 1363 3275; x_wconf 77' lang='lat' dir='ltr'><strong>reputato</strong></span> 
     </span>
     <span class='ocr_line' id='line_1_26' title="bbox 255 3289 1363 3374; baseline 0.002 -16"><span class='ocrx_word' id='word_1_193' title='bbox 255 3289 403 3373; x_wconf 81' lang='lat' dir='ltr'><strong>linguam</strong></span> <span class='ocrx_word' id='word_1_194' title='bbox 433 3291 641 3356; x_wconf 84' lang='lat' dir='ltr'><strong>vernaculam</strong></span> <span class='ocrx_word' id='word_1_195' title='bbox 669 3292 830 3374; x_wconf 81' lang='lat' dir='ltr'><strong>ignorate,</strong></span> <span class='ocrx_word' id='word_1_196' title='bbox 866 3309 965 3374; x_wconf 80' lang='lat' dir='ltr'><strong>quarn</strong></span> <span class='ocrx_word' id='word_1_197' title='bbox 993 3311 1177 3356; x_wconf 86' lang='lat' dir='ltr'><strong>sermonem</strong></span> <span class='ocrx_word' id='word_1_198' title='bbox 1210 3293 1363 3361; x_wconf 71' lang='lat' dir='ltr'><strong>Graeem</strong></span> 
     </span>
     <span class='ocr_line' id='line_1_27' title="bbox 258 3389 1362 3475; baseline -0.003 -19"><span class='ocrx_word' id='word_1_199' title='bbox 258 3411 326 3456; x_wconf 91' lang='lat' dir='ltr'><strong>non</strong></span> <span class='ocrx_word' id='word_1_200' title='bbox 349 3391 542 3474; x_wconf 83' lang='lat' dir='ltr'><strong>intelligere.</strong></span> <span class='ocrx_word' id='word_1_201' title='bbox 586 3393 659 3475; x_wconf 82' lang='lat' dir='ltr'><strong>Ego</strong></span> <span class='ocrx_word' id='word_1_202' title='bbox 686 3393 766 3458; x_wconf 92' lang='lat' dir='ltr'><strong>olim</strong></span> <span class='ocrx_word' id='word_1_203' title='bbox 789 3393 977 3458; x_wconf 75' lang='lat' dir='ltr'><strong>tentabam:</strong></span> <span class='ocrx_word' id='word_1_204' title='bbox 1012 3389 1128 3454; x_wconf 80' lang='lat' dir='ltr'><strong>Omnia</strong></span> <span class='ocrx_word' id='word_1_205' title='bbox 1156 3390 1276 3459; x_wconf 78' lang='lat' dir='ltr'><strong>Graece</strong></span> <span class='ocrx_word' id='word_1_206' title='bbox 1300 3395 1362 3460; x_wconf 84' lang='lat' dir='ltr'><strong>scil.</strong></span> 
     </span>
     <span class='ocr_line' id='line_1_28' title="bbox 260 3490 1364 3578; baseline -0.005 -20"><span class='ocrx_word' id='word_1_207' title='bbox 260 3491 431 3576; x_wconf 77' lang='lat' dir='ltr'><strong>proterunt</strong></span> <span class='ocrx_word' id='word_1_208' title='bbox 449 3513 478 3556; x_wconf 91' lang='lat' dir='ltr'><strong>s.</strong></span> <span class='ocrx_word' id='word_1_209' title='bbox 499 3495 684 3578; x_wconf 90' lang='lat' dir='ltr'><strong>loquuntur,</strong></span> <span class='ocrx_word' id='word_1_210' title='bbox 709 3490 813 3560; x_wconf 78' lang='lat' dir='ltr'><strong>Quum</strong></span> <span class='ocrx_word' id='word_1_211' title='bbox 828 3492 869 3556; x_wconf 78' lang='lat' dir='ltr'><strong>rit</strong></span> <span class='ocrx_word' id='word_1_212' title='bbox 885 3504 977 3576; x_wconf 79' lang='lat' dir='ltr'><strong>turpe</strong></span> <span class='ocrx_word' id='word_1_213' title='bbox 996 3493 1094 3577; x_wconf 79' lang='lat' dir='ltr'><strong>magis</strong></span> <span class='ocrx_word' id='word_1_214' title='bbox 1109 3496 1227 3559; x_wconf 75' lang='lat' dir='ltr'><strong>nostris</strong></span> <span class='ocrx_word' id='word_1_215' title='bbox 1241 3517 1283 3560; x_wconf 81' lang='lat' dir='ltr'><strong>ea</strong></span> <span class='ocrx_word' id='word_1_216' title='bbox 1297 3498 1364 3560; x_wconf 76' lang='lat' dir='ltr'><strong>scire</strong></span> 
     </span>
    </p>

    <p class='ocr_par' dir='ltr' id='par_1_6' title="bbox 204 3587 1364 4186">
     <span class='ocr_line' id='line_1_29' title="bbox 261 3587 1364 3680; baseline 0.008 -25"><span class='ocrx_word' id='word_1_217' title='bbox 261 3587 392 3671; x_wconf 83' lang='lat' dir='ltr'><strong>Latine,</strong></span> <span class='ocrx_word' id='word_1_218' title='bbox 406 3595 460 3658; x_wconf 84' lang='lat' dir='ltr'><strong>vel</strong></span> <span class='ocrx_word' id='word_1_219' title='bbox 474 3591 550 3661; x_wconf 72' lang='lat' dir='ltr'><strong>Qum</strong></span> <span class='ocrx_word' id='word_1_220' title='bbox 561 3594 600 3658; x_wconf 82' lang='lat' dir='ltr'><strong>rit</strong></span> <span class='ocrx_word' id='word_1_221' title='bbox 614 3605 701 3678; x_wconf 85' lang='lat' dir='ltr'><strong>turpe</strong></span> <span class='ocrx_word' id='word_1_222' title='bbox 713 3593 812 3680; x_wconf 75' lang='lat' dir='ltr'><strong>magis</strong></span> <span class='ocrx_word' id='word_1_223' title='bbox 825 3593 989 3679; x_wconf 83' lang='lat' dir='ltr'><strong>(turpius)</strong></span> <span class='ocrx_word' id='word_1_224' title='bbox 1003 3595 1116 3660; x_wconf 59' lang='lat' dir='ltr'><strong>noctus</strong></span> <span class='ocrx_word' id='word_1_225' title='bbox 1129 3595 1364 3680; x_wconf 75' lang='lat' dir='ltr'><strong>(nostratibus)</strong></span> 
     </span>
     <span class='ocr_line' id='line_1_30' title="bbox 204 3675 1362 3781; baseline 0.003 -23"><span class='ocrx_word' id='word_1_226' title='bbox 204 3675 217 3694; x_wconf 66' lang='grc'><strong>’</strong></span> <span class='ocrx_word' id='word_1_227' title='bbox 260 3697 343 3758; x_wconf 75' lang='lat' dir='ltr'><strong>itanc</strong></span> <span class='ocrx_word' id='word_1_228' title='bbox 369 3695 444 3759; x_wconf 77' lang='lat' dir='ltr'><strong>scire</strong></span> <span class='ocrx_word' id='word_1_229' title='bbox 471 3695 579 3781; x_wconf 90' lang='lat' dir='ltr'><strong>(quod</strong></span> <span class='ocrx_word' id='word_1_230' title='bbox 605 3695 840 3780; x_wconf 86' lang='lat' dir='ltr'><strong>compendiose</strong></span> <span class='ocrx_word' id='word_1_231' title='bbox 865 3697 1023 3762; x_wconf 87' lang='lat' dir='ltr'><strong>scribitur</strong></span> <span class='ocrx_word' id='word_1_232' title='bbox 1048 3717 1087 3758; x_wconf 82' lang='lat' dir='ltr'><strong>nc</strong></span> <span class='ocrx_word' id='word_1_233' title='bbox 1113 3694 1211 3780; x_wconf 74' lang='lat' dir='ltr'><strong>scire)</strong></span> <span class='ocrx_word' id='word_1_234' title='bbox 1240 3695 1362 3770; x_wconf 74' lang='lat' dir='ltr'><strong>Latine,</strong></span> 
     </span>
     <span class='ocr_line' id='line_1_31' title="bbox 251 3797 1362 3881; baseline 0.002 -21"><span class='ocrx_word' id='word_1_235' title='bbox 251 3815 363 3880; x_wconf 88' lang='lat' dir='ltr'><strong>.quam</strong></span> <span class='ocrx_word' id='word_1_236' title='bbox 378 3797 498 3862; x_wconf 85' lang='lat' dir='ltr'><strong>Graece</strong></span> <span class='ocrx_word' id='word_1_237' title='bbox 513 3797 637 3881; x_wconf 88' lang='lat' dir='ltr'><strong>eloqui,</strong></span> <span class='ocrx_word' id='word_1_238' title='bbox 653 3799 809 3880; x_wconf 82' lang='lat' dir='ltr'><strong>quoniam</strong></span> <span class='ocrx_word' id='word_1_239' title='bbox 823 3803 892 3862; x_wconf 81' lang='lat' dir='ltr'><strong>tam</strong></span> <span class='ocrx_word' id='word_1_240' title='bbox 915 3798 1008 3862; x_wconf 80' lang='lat' dir='ltr'><strong>sceda</strong></span> <span class='ocrx_word' id='word_1_241' title='bbox 1028 3804 1104 3862; x_wconf 90' lang='lat' dir='ltr'><strong>sunt</strong></span> <span class='ocrx_word' id='word_1_242' title='bbox 1121 3807 1156 3864; x_wconf 86' lang='lat' dir='ltr'><strong>et</strong></span> <span class='ocrx_word' id='word_1_243' title='bbox 1180 3801 1362 3866; x_wconf 83' lang='lat' dir='ltr'><strong>inhonesta</strong></span> 
     </span>
     <span class='ocr_line' id='line_1_32' title="bbox 252 3897 1362 3990; baseline 0.003 -27"><span class='ocrx_word' id='word_1_244' title='bbox 252 3897 329 3963; x_wconf 76' lang='lat' dir='ltr'><strong>Sed</strong></span> <span class='ocrx_word' id='word_1_245' title='bbox 342 3899 552 3965; x_wconf 86' lang='lat' dir='ltr'><strong>uibillrorum</strong></span> <span class='ocrx_word' id='word_1_246' title='bbox 567 3919 654 3964; x_wconf 88' lang='lat' dir='ltr'><strong>nunc</strong></span> <span class='ocrx_word' id='word_1_247' title='bbox 676 3899 755 3990; x_wconf 85' lang='lat' dir='ltr'><strong>mihi</strong></span> <span class='ocrx_word' id='word_1_248' title='bbox 771 3898 903 3975; x_wconf 88' lang='lat' dir='ltr'><strong>arridet,</strong></span> <span class='ocrx_word' id='word_1_249' title='bbox 920 3903 955 3962; x_wconf 86' lang='lat' dir='ltr'><strong>et</strong></span> <span class='ocrx_word' id='word_1_250' title='bbox 973 3901 1032 3964; x_wconf 82' lang='lat' dir='ltr'><strong>vix</strong></span> <span class='ocrx_word' id='word_1_251' title='bbox 1046 3900 1177 3978; x_wconf 88' lang='lat' dir='ltr'><strong>dubito,</strong></span> <span class='ocrx_word' id='word_1_252' title='bbox 1200 3903 1362 3985; x_wconf 70' lang='lat' dir='ltr'><strong>quintet</strong></span> 
     </span>
     <span class='ocr_line' id='line_1_33' title="bbox 252 3999 1361 4088; baseline 0.005 -24"><span class='ocrx_word' id='word_1_253' title='bbox 252 4016 317 4064; x_wconf 76' lang='lat' dir='ltr'><strong>sus</strong></span> <span class='ocrx_word' id='word_1_254' title='bbox 330 3999 384 4066; x_wconf 87' lang='lat' dir='ltr'><strong>bic</strong></span> <span class='ocrx_word' id='word_1_255' title='bbox 405 4021 535 4083; x_wconf 83' lang='lat' dir='ltr'><strong>paunus</strong></span> <span class='ocrx_word' id='word_1_256' title='bbox 550 4003 605 4080; x_wconf 83' lang='lat' dir='ltr'><strong>sit,</strong></span> <span class='ocrx_word' id='word_1_257' title='bbox 629 4022 651 4066; x_wconf 93' lang='lat' dir='ltr'><strong>a</strong></span> <span class='ocrx_word' id='word_1_258' title='bbox 664 4001 864 4066; x_wconf 79' lang='lat' dir='ltr'><strong>scholastico</strong></span> <span class='ocrx_word' id='word_1_259' title='bbox 888 4002 1033 4085; x_wconf 86' lang='lat' dir='ltr'><strong>quodam</strong></span> <span class='ocrx_word' id='word_1_260' title='bbox 1053 4007 1203 4083; x_wconf 75' lang='lat' dir='ltr'><strong>assutum,</strong></span> <span class='ocrx_word' id='word_1_261' title='bbox 1227 4023 1298 4088; x_wconf 87' lang='lat' dir='ltr'><strong>quo</strong></span> <span class='ocrx_word' id='word_1_262' title='bbox 1320 4023 1361 4070; x_wconf 76' lang='lat' dir='ltr'><strong>re</strong></span> 
     </span>
     <span class='ocr_line' id='line_1_34' title="bbox 259 4097 770 4186; baseline 0.014 -24"><span class='ocrx_word' id='word_1_263' title='bbox 259 4097 366 4164; x_wconf 81' lang='lat' dir='ltr'><strong>scisso</strong></span> <span class='ocrx_word' id='word_1_264' title='bbox 385 4104 542 4186; x_wconf 86' lang='lat' dir='ltr'><strong>expedita</strong></span> <span class='ocrx_word' id='word_1_265' title='bbox 558 4111 634 4169; x_wconf 90' lang='lat' dir='ltr'><strong>sunt</strong></span> <span class='ocrx_word' id='word_1_266' title='bbox 649 4105 770 4170; x_wconf 81' lang='lat' dir='ltr'><strong>omnia.</strong></span> 
     </span>
    </p>
   </div>
   <div class='ocr_carea' id='block_1_5' title="bbox 1392 2138 1394 2145">
    <p class='ocr_par' dir='ltr' id='par_1_7' title="bbox 1392 2138 1394 2145">
     <span class='ocr_line' id='line_1_35' title="bbox 1392 2138 1394 2145; baseline 0 0"><span class='ocrx_word' id='word_1_267' title='bbox 1392 2138 1394 2145; x_wconf 67' lang='lat' dir='ltr'><strong>r</strong></span> 
     </span>
    </p>
   </div>
   <div class='ocr_carea' id='block_1_6' title="bbox 0 0 1414 4792">
    <p class='ocr_par' dir='ltr' id='par_1_8' title="bbox 0 0 1414 4792">
     <span class='ocr_line' id='line_1_36' title="bbox 0 0 1414 4792; baseline 0 0"><span class='ocrx_word' id='word_1_268' title='bbox 0 0 1414 4792; x_wconf 95' lang='lat' dir='ltr'><strong> </strong></span> 
     </span>
    </p>
   </div>
  </div>
 </body>
</html>
