2817 4792
380 313 613 363 unsnruonrs
639 313 688 362 nu
711 312 923 362 ruvnrrneu.
1140 299 1207 366 121

86 477 293 546 quanquam
317 459 352 523 in
365 458 466 523 literis
490 463 523 520 et
547 457 676 520 artibus
705 457 961 540 elegantioribus
987 458 1066 524 huic
1095 461 1207 530 studio

89 583 191 648 uque
203 570 238 627 et
255 563 323 643 igni
340 559 547 624 interdictum
567 579 588 622 a
601 559 681 622 viris
705 559 907 624 doctissimis
920 561 1030 625 rideo.
1053 561 1208 630 Ceterum
1328 607 1332 612 ι

87 685 113 727 e
128 663 256 727 scholis
270 662 403 744 quidem
414 661 597 744 explicatio
608 659 748 725 istorum
760 662 921 738 locorum,
931 681 1008 745 quoe
1021 665 1057 726 in
1067 665 1159 732 editt.
1172 669 1207 731 in

88 784 198 830 usum
213 763 371 846 Delphini
387 783 405 826 e
420 763 512 826 textu
528 767 596 826 tarn
620 764 730 845 inepte
753 769 914 841 resecate,
937 784 1037 847 quam
1058 768 1155 832 stulte
1176 773 1210 831 ot

90 867 323 950 imprudenter
346 865 488 931 collecte
512 869 545 929 ot
570 864 612 927 ed
638 865 766 928 calcem
791 865 950 948 adjuncta
968 874 1057 944 snut,
1075 866 1124 951 (v.
1145 869 1206 934 iul.

92 963 534 1049 Ind.Editt.adu.1tlS‹l.)
555 967 619 1030 nisi
642 985 719 1030 cum
744 967 908 1048 gravitate
935 968 1061 1033 institui
1086 972 1208 1053 possit,

94 1069 282 1136 omittenda
295 1077 361 1149 est3
385 1087 573 1153 quanquam
588 1069 758 1144 existimo,
770 1087 812 1131 ea
825 1071 947 1132 teneris
956 1070 1120 1154 juvenum
1137 1073 1210 1136 oui·

92 1174 164 1238 mis
188 1193 254 1236 non
280 1178 350 1238 tom
373 1170 531 1254 pestilera
556 1190 643 1247 esse,
667 1190 768 1253 quom
791 1173 1010 1254 quorumdam
1032 1171 1209 1255 poetarum

93 1279 222 1340 nostrae
239 1275 349 1339 aetatis
363 1273 493 1338 deliciae
517 1279 550 1338 et
571 1270 755 1356 elegantiae,
770 1275 893 1358 quibus
915 1295 970 1339 res
990 1281 1103 1360 turpes
1118 1282 1151 1340 et
1164 1278 1207 1340 ab

92 1377 273 1440 honestato
286 1375 517 1439 remotissimae
532 1376 586 1438 vel
601 1375 729 1439 liberali
751 1384 786 1441 et
807 1378 949 1460 ingenua
966 1377 1053 1442 facie
1067 1377 1208 1441 induan-

95 1483 163 1556 tur,
179 1477 234 1541 vel
248 1477 423 1542 verborum
437 1482 470 1541 et
485 1478 716 1540 sententiarum
741 1496 858 1541 venere
883 1487 916 1544 et
935 1479 1102 1544 illecebris
1117 1498 1208 1545 com-

95 1579 301 1644 mendentur.
346 1577 486 1657 Etenim,
502 1585 538 1643 ut
552 1581 699 1642 maxime
715 1585 801 1644 tecte
823 1587 858 1644 et
879 1582 1035 1665 ambigue
1049 1603 1091 1647 ea
1105 1601 1209 1648 enun-

98 1681 223 1746 cinudo
237 1681 441 1746 verecundiae
457 1686 490 1746 et
500 1681 618 1764 pudori
632 1683 821 1746 consultum
834 1683 977 1761 videtur,
987 1685 1034 1748 ita
1048 1684 1206 1749 facillime

98 1783 222 1847 animis
238 1783 340 1847 castis
356 1784 464 1865 iisque
477 1783 675 1866 improvidis
690 1803 727 1848 se
742 1785 923 1862 insinuaut,
945 1785 1101 1850 libidines
1115 1785 1209 1850 exci-

97 1890 182 1962 tant,
198 1886 343 1950 castitati
358 1885 522 1949 altissime
538 1887 672 1950 vulnero
686 1887 844 1968 infligunt,
860 1892 892 1949 et
907 1887 1057 1970 corporis
1071 1887 1208 1970 ingenii-

47 1979 53 1988 “
99 2009 164 2072 que
180 1989 270 2052 vires
284 1988 439 2071 frangunt
452 1993 486 2052 et
501 1988 696 2054 debilitant!

139 2287 480 2364 TESTIMONIA
499 2287 743 2374 ANTIQUA
764 2289 843 2363 DE
866 2281 1163 2366 JUVENALE·

535 2425 780 2438 -n———ffl

174 2513 225 2581 M.
250 2513 495 2580 VALERIUS
519 2514 789 2581 MARTIALIS
813 2515 977 2582 EPIGR.
998 2533 1065 2582 vn.
1080 2516 1134 2582 24

101 2675 186 2742 eun
202 2677 227 2743 J
228 2679 367 2743 uvenale
381 2699 456 2743 meo
470 2699 548 2761 quae
563 2698 616 2764 me
630 2676 836 2743 committere
849 2682 967 2754 tenus,

143 2777 238 2858 Quid
252 2797 316 2844 non
330 2778 470 2844 audebis
484 2779 613 2863 perfida
622 2779 737 2860 lingue
749 2778 869 2862 loquil

614 2929 725 2980 Nom

102 3023 265 3076 reseratione
284 3023 435 3091 affirmetur,
446 3031 474 3077 et
485 3027 548 3092 ipsae
561 3029 633 3078 sede·
675 3027 787 3078 Marium
799 3026 904 3091 quidem
915 3026 1069 3089 blasianus,
1084 3033 1114 3076 ut
1123 3026 1208 3092 ropio-

100 3102 151 3150 cim
164 3101 253 3150 satirae
275 3101 397 3166 clament,
406 3102 474 3154 adeo
496 3105 634 3168 pertinaci·
674 3121 703 3156 ss
714 3106 891 3169 exemplorum
901 3105 1030 3156 varietate
1040 3105 1209 3169 locupletem,

100 3177 221 3227 territils
241 3175 371 3228 intensum
390 3177 589 3240 luissentcunr
602 3181 633 3229 lis
674 3187 702 3231 et
713 3182 799 3231 omnia
815 3181 946 3231 Cessrum
967 3181 1091 3231 bietorica
1112 3180 1210 3230 uberri-

99 3256 216 3307 homines
237 3271 288 3306 une
312 3245 455 3321 sepissime
480 3255 634 3322 flagellaret.
674 3259 724 3307 nris
749 3256 903 3320 septenariis
925 3257 1104 3321 complexum
1130 3255 1209 3306 lave·

99 3332 214 3382 blasium
233 3347 297 3382 sero
314 3332 469 3394 Maximum,
486 3334 534 3383 etsi
554 3348 634 3397 opera
674 3335 759 3383 uelem
785 3347 848 3383 sero
875 3340 906 3383 nt
931 3334 1085 3399 magistrum
1113 3332 1209 3384 veteris

98 3409 164 3474 ejus,
186 3425 249 3474 quae
275 3409 454 3460 verbosissime
480 3417 509 3460 et
530 3411 635 3461 minutis
675 3409 822 3473 discipline
853 3423 884 3458 sc
906 3411 986 3460 totius
1012 3411 1075 3461 rite
1091 3409 1208 3458 burum

98 3485 452 3550 historiislrnpllcatafuisse
472 3487 575 3538 Flavius
585 3489 635 3538 Vo·
675 3501 812 3537 censorem
845 3486 1033 3550 monimum,
1059 3486 1086 3534 iu
1113 3499 1209 3535 areana

98 3564 186 3627 piscus
204 3568 331 3629 autumet,
348 3563 540 3629 interciderint,
548 3572 635 3617 tamen
676 3563 732 3628 ipss
749 3577 849 3613 urorum
859 3577 958 3613 summo
974 3577 1034 3612 cnm
1044 3561 1152 3624 irnperio
1163 3575 1208 3625 pe·

99 3647 234 3691 strennum
255 3639 349 3690 risisse
372 3639 498 3691 bonarum
523 3641 635 3705 partium
676 3646 833 3690 netreuteur.
877 3639 1008 3689 summurn
1034 3652 1101 3687 voco
1125 3637 1208 3702 impe·

99 3721 267 3779 moremur,
286 3715 421 3766 declarent
439 3717 559 3780 plurima,
578 3732 635 3783 quar
676 3717 742 3766 rium
764 3716 874 3766 excelse
891 3715 987 3764 mentis
1008 3712 1143 3762 sublimem
1153 3721 1208 3778 sty-

99 3805 174 3842 exeu
187 3791 362 3856 Lampridius,
378 3792 542 3856 Spartianus,
553 3801 581 3842 et
592 3794 636 3842 ulii
675 3792 738 3853 lum,
755 3807 808 3857 quo
828 3806 856 3840 se
872 3804 950 3852 supra
968 3787 1114 3838 mortalium
1135 3789 1208 3838 nobl-

99 3867 214 3918 historice
242 3866 370 3930 Augustae
397 3867 539 3932 scriptores
566 3883 635 3920 coru-
676 3869 773 3918 lissima
783 3867 871 3930 erigit,
881 3871 908 3914 et
926 3863 1011 3914 omnia
1029 3863 1073 3910 illa
1084 3869 1207 3931 tanquam

100 3943 298 3994 nentarllssuis
317 3942 475 3994 indiderunt.
509 3944 634 3996 Dicemus
675 3959 814 4010 puerorum
835 3955 919 4007 papas
942 3947 970 3989 et
991 3939 1134 4003 crepundia
1162 3941 1208 3990 de·

100 4019 188 4083 igitur,
204 4019 285 4068 hosce
307 4018 370 4068 duos
387 4027 506 4070 suctores
528 4028 558 4072 nt
573 4022 634 4088 civi·
674 4021 762 4085 spicit,
773 4017 890 4070 ntsolius
907 4016 1011 4066 virtutis
1021 4016 1150 4070 numm
1164 4017 1208 4067 lra-

99 4094 159 4144 lium
168 4094 347 4144 doctrinarum
358 4095 633 4161 compendioquaedam
674 4096 787 4150 neodem
804 4108 862 4148 esse
872 4093 1075 4147 commonstret?

99 4171 166 4222 illius
177 4171 476 4227 anacronismum
487 4173 631 4239 placuisses
714 4189 717 4197 ·
