2817 4792
217 345 262 412 td
724 359 814 408 vrrs

218 515 332 578 contra
345 527 408 574 sua
427 507 545 574 alienis
562 505 748 572 nominibus
767 505 991 589 supposuerit,
1012 510 1046 570 et
1058 505 1204 589 quidem
1216 508 1334 591 qualis

221 609 320 676 Poris
334 609 451 687 suerat,
474 605 664 673 libertorum.
701 607 824 691 Itaque
839 613 874 671 et
887 602 997 669 Romu
1012 606 1113 674 iurent
1131 615 1282 692 oportet,
1301 620 1336 674 et

218 731 290 778 suae
314 713 435 778 indolis
460 713 686 795 experimenta
709 709 838 774 dederit
861 710 896 774 in
916 709 1065 776 literatos
1087 710 1336 777 munificentis-

218 817 327 895 simae,
338 835 414 880 cum
426 814 449 880 J
451 814 598 879 uveualis
612 814 671 879 illa
681 815 716 877 iu
726 831 764 876 se
774 811 867 877 dicta
876 814 1040 895 suspicari
1047 822 1162 898 posset
1177 814 1216 878 H
1217 817 1337 881 adria·

217 937 289 984 uus.
326 917 384 982 Sic
399 923 473 983 ante
494 919 570 982 anni
586 933 723 982 cxvrrr.
737 915 846 993 tinem,
872 920 931 979 aut
953 932 1056 981 cxrx.
1081 917 1225 995 initium,
1241 920 1336 984 mitti

183 1041 192 1056 ⁸
220 1021 278 1086 rix
293 1021 402 1104 potuit
416 1021 597 1085 inexilium
612 1018 796 1084 luvenalis.
849 1015 931 1083 Erat
945 1023 1065 1097 autem,
1079 1037 1155 1082 cum
1164 1020 1337 1102 relegare-=

218 1130 282 1200 tur,
307 1119 528 1208 octogenarius.
565 1121 710 1186 Proinde
730 1129 822 1184 notor
842 1120 942 1185 fuerit
965 1120 1020 1184 rel
1045 1122 1122 1185 anni
1149 1137 1334 1190 xxxvrrr.
1401 1150 1402 1153 ¹

218 1223 293 1303 fine,
317 1227 370 1290 vel
395 1241 537 1290 xxxrx.
561 1225 664 1289 initio.
716 1223 801 1290 Inde
824 1224 952 1308 reliqua
972 1221 1148 1288 Juvenalis
1173 1230 1334 1308 tempora

218 1333 311 1392 eruut
324 1328 533 1393 arcessenda.
1318 1398 1323 1403 ,

262 1427 322 1493 Ait
342 1429 421 1494 ritae
446 1427 573 1495 Auctor
603 1427 672 1493 ‘ad
696 1427 840 1493 mediam
853 1425 928 1512 sere
951 1432 1082 1492 aetatem
1108 1426 1331 1516 declamasse,

220 1529 323 1593 animi
334 1533 441 1613 magis
464 1551 579 1609 causa,
594 1551 693 1616 quam
705 1529 796 1616 quod
809 1529 934 1596 schola
948 1535 1006 1594 aut
1018 1528 1089 1593 loro
1104 1532 1332 1615 praepareret’

220 1627 424 1713 Suffragotur
459 1636 491 1697 et
517 1633 602 1717 ipse,
637 1653 714 1698 cum
743 1633 793 1696 ait
819 1651 850 1694 se
877 1629 1037 1694 consilium
1069 1627 1185 1694 dedisse
1218 1628 1331 1713 Sulla,

215 1729 413 1814 privationi
429 1729 529 1795 ultum
542 1731 701 1798 dormint,
724 1730 812 1818 (Sat.
823 1749 846 1795 ι.
857 1729 928 1816 16.)
950 1731 1056 1796 Plane
1070 1729 1332 1796 declamatorium

220 1832 302 1897 illud
326 1839 396 1899 erat
418 1839 653 1916 argumentum.
698 1833 782 1898 Inde
795 1831 962 1917 socordio
985 1835 1118 1899 nomine
1131 1835 1229 1899 illum
1242 1838 1330 1902 cele·

219 1935 294 2000 brat
309 1933 484 2000 Martialis,
506 1936 615 2020 (Epig.
632 1954 697 2002 vn.
711 1937 766 2002 91.
781 1937 829 2014 1.)
851 1935 957 2000 Recte
978 1937 1132 2001 nimirum
1145 1938 1214 2016 ille,
1229 1940 1329 2003 satis·

221 2055 297 2118 que,
312 2055 374 2120 pro
387 2043 572 2122 temporum
589 2041 725 2116 ratione,
748 2056 901 2120 congrue.
947 2033 1058 2100 Medio
1071 2040 1159 2102 enim
1174 2049 1253 2104 aetou
1267 2039 1329 2104 Je-

220 2135 338 2200 oeootir
351 2139 535 2204 incurretin
549 2158 681 2218 annum,
690 2139 982 2223 pronostrislrisoe
993 2140 1146 2220 calculis,
1158 2157 1329 2206 axxvrrr.

221 2241 274 2305 vel
289 2255 429 2306 nxxrx.
444 2242 557 2305 multis
571 2245 666 2314 antea
681 2243 788 2319 anuis,
798 2261 899 2324 quam
914 2243 1071 2307 scriberet
1078 2243 1136 2307 illa
1149 2241 1327 2309 Martialis.

222 2341 288 2408 Sed
302 2342 392 2407 nulla
405 2343 511 2407 adhuc
526 2349 727 2406 memoratur
751 2341 825 2426 ejus
850 2341 1026 2409 celebritas
1041 2363 1063 2410 a
1076 2363 1112 2408 ru
1125 2345 1276 2428 potitius,
1286 2366 1328 2410 ne

221 2444 354 2526 quidem
377 2464 400 2509 a
429 2440 638 2524 Quintiliano,
659 2444 717 2509 ubi
739 2444 809 2526 agit
831 2443 873 2508 de
896 2445 1115 2528 scriptoribus
1129 2446 1326 2512 Satirarum.

221 2543 303 2620 Nun
315 2545 480 2630 equidem,
491 2553 528 2610 ut
543 2547 731 2630 suspicatur
753 2545 931 2628 Rigaltius,
948 2547 1046 2630 quasi
1067 2547 1161 2612 illum
1185 2550 1328 2619 lesisse

222 2645 287 2710 hoc
311 2646 387 2729 ipso
411 2645 591 2710 Satirarum
616 2663 716 2730 opere
736 2647 920 2712 iuvenalis.
956 2647 1098 2714 Tantum
1120 2652 1227 2730 abest,
1241 2660 1280 2718 ul
1294 2655 1325 2719 id
1390 2644 1399 2664 “

222 2747 360 2812 moleste
372 2747 454 2812 serre
479 2754 592 2831 posset
608 2753 730 2826 noster,
750 2754 788 2813 ut
808 2769 888 2814 sane
912 2757 1027 2814 contra
1047 2753 1201 2834 nuspiam
1225 2755 1323 2837 illius,

223 2851 287 2914 nisi
302 2869 377 2914 cum
388 2851 520 2926 honore,
535 2849 726 2914 meminerit.
770 2849 838 2914 Sed
852 2857 964 2916 monet
976 2866 1090 2918 noster
1097 2855 1250 2920 lectorem
1267 2859 1325 2922 ali-

224 2952 364 3032 quoties,
379 2955 428 3029 (v.
444 2947 583 3026 Quintil.
600 2967 654 3016 ιιι.
669 2952 700 3017 1.
716 2956 749 3014 et
764 2967 802 3015 x.
817 2951 863 3028 1.)
886 2971 923 3016 se
945 2951 1058 3018 dedita
1079 2974 1182 3038 opera
1195 2976 1218 3021 a
1231 2959 1326 3023 nomi-

223 3047 315 3114 nituo
336 3049 505 3114 uiuentium
529 3051 699 3117 abstinere.
739 3051 784 3118 Et
803 3053 917 3118 multis
936 3060 1055 3138 postea
1076 3059 1171 3120 anuis
1194 3061 1326 3144 scripsit

224 3151 398 3217 luvenalis
419 3154 507 3232 illas,
527 3171 611 3237 quas
633 3155 805 3232 habemus,
829 3155 965 3220 Satires.
1011 3154 1117 3223 Addit
1140 3161 1228 3224 enim
1249 3165 1324 3241 ritae

224 3253 364 3333 Auctor,
383 3262 602 3340 posteaquam
625 3254 902 3321 declamationibus
926 3257 1145 3325 inclaruisset:
1171 3259 1326 3328 ‘Deinde

224 3375 410 3442 paucorum
421 3377 576 3424 versuum
599 3359 712 3425 Satira
734 3359 955 3425 nonabsurde
970 3362 1158 3444 composita
1178 3364 1213 3426 iu
1235 3364 1326 3430 Pari-

225 3456 300 3523 dem
314 3459 550 3542 pantomimum
564 3459 764 3545 po‘o'tamque
789 3459 921 3526 Claudii
948 3461 1104 3541 Neronis,
1119 3464 1194 3548 ejus
1208 3485 1326 3532 semes·

223 3561 329 3627 tribus
364 3561 524 3626 militiolis
560 3565 745 3642 tumentem,
782 3581 882 3645 genus
923 3564 1096 3646 scripturae
1132 3565 1325 3633 industriose

224 3663 392 3730 excoluit?
446 3661 589 3728 Proinde
618 3661 742 3727 arricum
764 3665 856 3729 illam
882 3665 985 3730 fuisse
1006 3687 1239 3752 paucorumque
1261 3691 1324 3734 eer-

225 3785 312 3830 raum
351 3764 489 3832 Sotirom
525 3767 640 3845 hinnit,
669 3787 768 3850 quam
801 3767 939 3852 primum
972 3770 1109 3852 scripsit
1133 3769 1322 3837 luvenalis:

225 3883 299 3931 eum
325 3889 490 3934 cumcun
526 3865 656 3932 absurde
692 3867 888 3952 compositam
923 3863 996 3954 ipse
1027 3871 1223 3953 judicasset,
1253 3873 1322 3938 iude

177 4033 179 4040 ,
226 3969 356 4034 animos
373 3973 531 4038 sumsisse
554 3969 597 4034 od
619 3991 713 4058 genus
733 3964 890 4057 scripture
915 3969 1100 4036 industriose
1123 3972 1319 4041 excolendum.

113 4073 116 4084 '
229 4067 352 4134 Mansit
382 4078 492 4138 tamen
516 4075 604 4140 intra
630 4075 765 4160 privata
792 4072 951 4141 Auctoris
976 4077 1101 4142 scrinia
1123 4076 1236 4158 prime-
1252 4076 1319 4160 ejus

228 4170 284 4236 illa
308 4173 343 4236 in
365 4172 429 4238 lroo
452 4191 567 4256 genere
597 4177 760 4242 scribendi
787 4177 994 4243 exercitatio,
1051 4175 1149 4241 Adeo
1176 4177 1318 4242 nimirum
