2817 4792
530 399 582 447 ιιι
605 397 686 448 sir.
710 399 761 446 ιιι.
1131 381 1198 450 iffi

90 534 184 606 Vs.
203 538 272 604 2¹7.
317 537 425 605 Vetus
437 540 588 606 scholion
599 547 652 606 est
665 543 749 607 boo:
783 540 1084 627 ‘Antbypopbom
1099 543 1197 626 quasi

40 641 270 727 Crispinus
287 640 352 705 boc
366 641 591 726 responderit:
614 641 706 721 Quid
720 643 802 708 mibi
817 644 973 709 invidesi
996 641 1124 728 Apulia
1136 664 1196 708 cu-

42 747 132 812 rios
162 745 282 830 (sorte
305 741 424 828 cauus)
445 764 543 829 agros
566 745 692 823 vendit,
718 753 756 812 ut
778 747 922 832 majores
945 748 1056 831 pisces
1070 747 1195 826 vendit,

42 867 154 933 quos
172 855 221 912 tu
241 847 502 930 provincialibus
516 849 617 931 grafia
631 849 806 916 abstulisti.
859 848 904 914 Et
916 851 1042 914 ironia:
1064 848 1197 934 majores

49 947 206 1036 Apulia
226 946 346 1013 uendit.
390 947 661 1034 Amphipologia,
674 957 783 1017 utrum
800 971 893 1040 agros
914 972 958 1016 an
979 947 1115 1014 mullos?
1144 949 1199 1015 vel

47 1073 123 1137 per
138 1049 387 1135 anastrophen
400 1051 626 1134 postpositum
639 1050 918 1118 siv-Ferrarius
931 1054 967 1117 in
978 1051 1084 1116 Elect.
1100 1069 1126 1117 ι.
1142 1052 1197 1119 18.

53 1153 213 1240 majoris
229 1153 314 1235 legit
328 1157 442 1217 contra
454 1152 548 1216 metri
562 1152 662 1236 leges,
678 1159 713 1219 et
724 1173 898 1238 perperam
912 1152 1000 1217 buno
1020 1153 1133 1218 locum
1146 1155 1198 1218 ita

52 1258 342 1340 interpretatur:
366 1258 376 1288 ‘
393 1251 516 1338 Apulia
528 1255 584 1320 bio
598 1275 665 1320 non
679 1261 733 1322 est
745 1257 887 1340 regionis
901 1273 1032 1333 nomen,
1050 1255 1110 1320 sed
1123 1274 1197 1320 mu·

56 1361 165 1428 lieris
182 1357 385 1444 praedivitis
397 1359 501 1437 orbae,
523 1379 600 1442 quae
625 1359 767 1426 donatos
790 1379 813 1424 a
834 1359 1062 1442 captatoribus
1083 1357 1196 1440 pisces

57 1465 192 1528 carius
209 1461 400 1526 vendebat:
434 1459 517 1526 duos
538 1461 626 1525 enim
648 1461 703 1526 bio
726 1461 769 1526 de
792 1476 883 1526 more
896 1458 1082 1544 perstringit
1093 1457 1197 1524 Juve-

61 1565 177 1642 nelis,
199 1561 397 1648 Crispinum,
412 1563 472 1646 qui
486 1563 634 1628 millibus
652 1583 716 1629 sex
732 1563 773 1649 (i.
788 1584 821 1628 e.
835 1579 892 1626 on.
907 1557 1093 1645 coronatis)
1110 1560 1196 1626 mul·

60 1667 141 1732 inm
155 1670 305 1742 emerat,
314 1670 348 1731 et
359 1662 522 1750 Apuliam,
534 1685 612 1748 quae
623 1663 1041 1748 bnmatabaeradipetamm
1048 1681 1195 1741 munera,

65 1769 160 1833 inter
174 1785 262 1852 quae
281 1766 356 1850 jure
369 1765 464 1830 mulli
487 1771 564 1830 tuuc
589 1767 682 1832 luere
703 1765 952 1850 pretiosissimi,
966 1764 1104 1848 majoris
1117 1783 1196 1830 ven·

68 1869 192 1934 tiebat.
248 1866 303 1932 Gi.
318 1867 375 1931 ini.
391 1883 442 1932 vr.
458 1867 513 1932 39.
526 1868 581 1932 40.
600 1873 633 1931 et
646 1869 735 1951 inpr.
745 1884 780 1930 v.
794 1867 849 1934 97.
863 1866 919 1931 98.
932 1866 991 1929 ubi
1006 1864 1048 1929 de
1061 1861 1197 1928 Aurelia

69 1989 190 2036 sermo
209 1975 274 2049 est,
298 1969 388 2053 quod
400 1988 522 2035 nomen
537 1969 615 2036 eth.
629 1970 653 2035 l.
668 1969 825 2035 fidentius
838 1986 1007 2052 ponerem,
1031 1966 1063 2030 si
1084 1967 1194 2034 codex

69 2089 183 2137 manu
197 2078 362 2137 exaratus
385 2070 429 2136 ad
450 2091 567 2136 manus
584 2077 682 2150 esset,
697 2077 735 2135 ut
757 2073 820 2136 sit:
841 2065 895 2133 red
914 2067 1042 2153 majoris
1061 2066 1196 2134 Aurelia

73 2172 211 2238 vendit?
258 2173 316 2238 Sic
330 2175 432 2238 etiam
451 2174 546 2238 multi
570 2173 764 2257 interpretes
778 2167 931 2257 Apuliam
945 2176 1103 2256 putarunt
1120 2191 1195 2236 mu-

72 2277 170 2340 lieris
190 2295 316 2342 nomen
339 2295 415 2340 esse
428 2295 484 2360 ap.
498 2275 617 2342 Horat.
633 2274 700 2341 Od.
717 2291 773 2340 ιιι.
788 2276 822 2341 4.
843 2274 898 2340 lo.
919 2274 978 2338 ubi
991 2293 1025 2339 v.
1041 2271 1195 2338 Beati.-

77 2376 228 2443 Reotius
254 2383 397 2442 mentem
419 2375 597 2442 luvenalis
620 2377 813 2461 percepisse
834 2373 968 2441 videtur
992 2373 1194 2453 Henuiuiusr

81 2479 236 2561 quibaec
254 2479 400 2542 notavit:
433 2475 558 2542 ‘Justa
581 2477 802 2560 indignatione
824 2477 972 2559 exagitat
992 2477 1062 2558 agri
1086 2477 1195 2560 pretio

78 2579 215 2668 piscem
230 2584 366 2658 emtum,
379 2597 456 2644 cnm
471 2599 533 2646 sex
547 2580 695 2645 millibus
709 2586 806 2645 extra
817 2578 952 2645 Italiam
964 2580 999 2644 in
1010 2580 1193 2663 provinciis
1262 2583 1268 2598 '

83 2700 161 2764 ager
174 2681 245 2746 emi
259 2680 414 2766 potuerit,
428 2681 497 2745 imo
519 2701 594 2746 cum
617 2687 650 2746 et
672 2683 708 2748 in
729 2683 806 2767 ipsa
824 2681 938 2760 Italia,
956 2682 992 2746 in
1012 2681 1113 2746 fertili
1133 2680 1193 2746 iila

82 2782 225 2867 Apulia,
246 2783 377 2870 majores
392 2783 465 2870 agri
478 2803 579 2868 quam
592 2785 627 2849 in
641 2785 826 2868 provinciis
843 2783 988 2850 venirent
1000 2801 1104 2868 eopse
1117 2801 1193 2866 pre·

84 2885 152 2951 tio:
184 2885 322 2969 oblique
336 2905 415 2951 vero
432 2892 528 2951 taxat
548 2887 734 2967 Romanos,
756 2888 816 2972 qui
829 2905 937 2969 usque
951 2883 1036 2950 adeo
1050 2885 1094 2948 ab
1106 2885 1191 2950 anti·

85 3005 156 3070 qua
179 2987 372 3070 frugalitate
395 2985 604 3068 desciverint,
630 2995 669 3054 ut
693 3009 817 3074 susque
842 2987 950 3072 deque
977 2987 1094 3052 habita
1119 2986 1190 3072 agri

87 3089 215 3154 colendi
230 3091 366 3168 ratione,
387 3109 459 3174 prae
471 3092 572 3156 nimio
586 3093 673 3175 gulae
685 3092 770 3157 luxu
781 3091 894 3176 piarem
905 3089 1019 3175 potius
1032 3094 1190 3170 emerent,

88 3191 181 3276 cujus
197 3191 343 3274 singulas
354 3191 468 3271 libras,
484 3193 514 3256 si
527 3193 629 3259 modo
642 3193 830 3259 adulatmia
844 3193 992 3258 vanitate
1004 3191 1047 3256 de
1060 3192 1191 3275 magnis

90 3293 213 3378 majora
225 3312 292 3357 non
305 3292 423 3359 suerint
436 3295 535 3374 dicta,
550 3297 758 3362 venientibus
780 3297 882 3360 etiam
904 3296 941 3358 in
962 3293 1117 3378 ponderis
1138 3311 1192 3358 ra·
1323 3339 1336 3357 2

90 3393 206 3459 tionem
220 3393 367 3480 squamis,
390 3402 423 3461 et
447 3397 687 3463 interaneorum
709 3398 916 3482 rejectaueis,
938 3395 1078 3478 singuiis
1091 3395 1191 3460 milli·

92 3493 151 3559 bus
169 3503 353 3580 pensarent,
369 3519 469 3582 quam
490 3505 529 3566 ut
550 3520 590 3566 eo
611 3502 719 3586 pretio
736 3519 851 3584 agrum
865 3499 931 3564 sibi
951 3502 1189 3582 compararent.

94 3593 145 3661 Ci.
158 3596 287 3663 Colum.
302 3599 406 3665 Praei.
430 3599 474 3665 ad
496 3603 555 3668 lib.
579 3601 620 3667 de
635 3601 680 3669 R.
696 3602 742 3668 R.
794 3601 913 3668 Obiter
934 3601 1034 3668 etiam
1055 3599 1191 3666 vellicat

96 3699 268 3780 superbum
281 3701 363 3766 illud
378 3701 594 3768 delicatorum
615 3711 773 3790 nepotum
793 3707 894 3790 patrii
917 3704 982 3769 soli
1004 3699 1188 3780 fastidium,

98 3800 225 3882 quinon
239 3801 435 3868 dubitabant
447 3804 550 3888 pluris
563 3826 669 3872 emere
684 3827 782 3891 agros
795 3810 831 3873 in
840 3804 1023 3892 prouinciis,
1037 3821 1138 3888 qnam
1151 3806 1191 3868 ut

97 3901 217 3987 majores
230 3901 469 3991 fertilioresque
491 3908 606 3973 eodem
625 3911 732 3994 pretio
749 3909 783 3973 in
806 3911 883 3993 ipsa
905 3908 1017 3984 ltalia,
1037 3907 1073 3970 in
1091 3903 1190 3970 fertili

100 4001 153 4068 illa
169 4004 301 4093 Apulia,
314 4009 380 4073 sibi
391 4017 630 4095 compararent.
674 4011 867 4094 legendum
879 4029 957 4094 ergo
972 4027 1074 4073 sensu
1087 4008 1189 4092 plano

99 4109 130 4167 et
149 4106 262 4176 obvio:
296 4107 468 4175 Provincia
483 4111 567 4178 tanti
586 4111 698 4178 Vendit
714 4134 828 4200 ugron
860 4122 890 4176 et
912 4111 1044 4198 majores
1066 4105 1190 4194 Apulia

102 4205 202 4272 ιιιάίτ.
244 4211 368 4298 Tangit
382 4215 482 4282 etiam
493 4217 601 4286 obiter
615 4214 827 4304 Appulorum
839 4216 962 4304 gulam
989 4213 1043 4281 cui
1066 4217 1103 4280 ut
1127 4210 1187 4278 ob-
