2817 4792
529 315 581 365 su
602 313 684 364 sur.
706 313 761 364 rx.
1147 305 1212 374 511

75 463 249 546 Cybelei,
271 464 382 548 majus
394 460 523 529 tuorum
537 465 585 529 its
598 462 701 528 faciet
720 461 878 545 puerulus
892 459 1035 542 rusticus,
1051 466 1109 550 qui
1124 485 1210 552 peu·

78 569 261 649 perrinrus
274 574 326 632 est
339 571 373 631 et
385 565 475 630 atiud
489 565 571 628 nihil
591 565 702 642 habet,
725 583 825 649 quoru
847 571 998 644 matrem,
1012 572 1047 632 et
1060 570 1209 636 asidam

77 677 132 732 et
156 669 322 733 entellum.
377 666 580 750 Grangsens:
613 671 623 699 ¹
648 664 746 732 Certe
768 666 916 734 melioris
937 668 1137 736 conditionis
1158 680 1211 739 est

81 788 222 845 comes,
236 769 392 854 idemque
411 768 555 833 daucus
570 767 663 833 natu
687 765 830 853 cymbala
843 766 1009 852 pulsantis,
1024 790 1125 855 quem
1149 793 1210 858 per

83 873 291 954 provincias
307 891 419 936 errans
433 873 552 956 stipem
564 871 776 936 mendienndi
800 872 906 954 gratia
927 872 1020 938 ducit
1041 891 1108 948 une
1133 896 1209 944 oum

84 979 216 1051 matre,
240 980 315 1051 oet,
340 993 440 1058 qnam
459 994 532 1056 ego,
555 975 613 1057 qni
637 979 748 1038 tecum
770 973 872 1038 soleo.
928 970 1076 1038 Rusticus
1100 976 1209 1062 irfforu

83 1077 129 1139 h.
158 1076 180 1140 l.
202 1076 346 1159 juvenis,
366 1081 400 1140 et
419 1076 493 1161 jem
514 1077 661 1141 robustas
683 1077 806 1142 ostatis:
829 1075 938 1140 tacete
960 1083 1072 1142 eutem
1086 1075 1210 1147 emulor

85 1184 200 1241 vocat
213 1178 369 1255 eerristrn,
396 1199 456 1242 sen
472 1179 581 1242 meris
600 1178 749 1260 scirpeus
765 1177 862 1241 asino
883 1177 1072 1262 impositas,
1086 1185 1207 1267 quibus

87 1297 160 1362 per
174 1279 264 1344 viem
277 1280 502 1344 mendicantes
516 1280 565 1344 illi
579 1285 737 1361 tunquam
761 1279 795 1340 in
809 1277 909 1342 domo
925 1297 951 1343 s.
967 1281 1082 1346 eosuls
1096 1287 1208 1350 omnin

90 1400 164 1446 sna
176 1381 295 1447 frivole
310 1383 499 1460 recondunt,
513 1381 628 1464 quales
643 1380 807 1466 Apuleius
821 1383 853 1443 in
871 1379 1018 1445 Milesiis
1041 1381 1207 1474 depingit3

89 1503 162 1547 neo
176 1484 285 1548 minus
298 1483 406 1548 facete
420 1483 507 1548 huno
528 1485 684 1547 comitem
699 1479 834 1566 legatum
855 1482 1014 1564 appellat,
1033 1490 1130 1568 quusi
1146 1491 1206 1555 ali-¹

91 1587 196 1669 eujus
210 1587 402 1652 exconsulis
416 1587 451 1650 in
465 1587 674 1668 provinciam
686 1583 950 1668 proficiscentis!
982 1583 1106 1654 Omitto
1121 1592 1207 1658 alies

92 1686 240 1752 aliorum
253 1707 367 1772 nugas.

141 1788 205 1854 Vs.
220 1791 273 1855 61.
289 1788 404 1853 coculis
417 1789 449 1854 8.
463 1790 497 1854 9.
513 1791 568 1854 75.
590 1789 646 1854 76.
668 1788 701 1852 h.
723 1808 754 1852 e.
780 1789 884 1854 servis
908 1791 1056 1870 rustiois,
1078 1795 1206 1878 vernis;

92 1910 210 1974 propr.
234 1893 340 1957 serris
362 1892 573 1957 militaribus.
606 1889 652 1955 V.
676 1890 791 1954 Pleut.
823 1889 915 1954 Trin.
943 1908 996 1955 ur.
1027 1895 1058 1959 2.
1086 1896 1142 1961 95.
1172 1905 1206 1962 et
1310 1949 1314 1956 .

94 1992 224 2058 Pseud.
241 1993 393 2078 Argum„
409 1993 508 2058 Verr.
534 1993 574 2058 L.
599 1991 639 2056 L.
662 2009 718 2056 tx.
732 1992 765 2056 6.
780 1997 815 2056 et
830 1991 919 2056 Fest.
943 1992 1124 2077 Vulgatam
1137 1999 1205 2065 lec-

93 2096 221 2160 tionem
247 2117 293 2160 ex
320 2095 391 2160 Set.
422 2111 479 2160 ιι.
511 2095 587 2160 153.
620 2091 803 2158 111167.
828 2091 1030 2159 179.ortern
1064 2103 1205 2182 putebat

93 2196 378 2263 Pithoeus—rem
399 2196 499 2260 lurore
519 2195 714 2261 10.12.15.
737 2195 789 2259 16.
815 2191 928 2260 lffffi.
951 2197 1005 2262 45.
1020 2199 1074 2264 16.
1089 2203 1202 2270 tuso.

92 2299 335 2366 54667173.
350 2321 417 2364 cum
427 2299 620 2386 jussorell.
1183 2317 1187 2322 ·
1259 2377 1263 2386 Ι

140 2400 204 2467 Vs.
217 2403 274 2467 62.
297 2401 433 2488 legatum
447 2421 493 2466 ex
507 2403 540 2467 1.
556 2400 612 2466 48.
627 2400 680 2464 75.
696 2403 775 2483 post
797 2398 939 2464 Farnab.
965 2400 1086 2468 Lubin.
1110 2406 1202 2474 Prat.

93 2508 131 2567 et
156 2499 303 2569 Meittnr.
325 2505 480 2570 substitui
506 2524 567 2586 pro
588 2503 676 2584 vulg.
704 2499 834 2586 legatus,
862 2519 938 2584 quae
969 2504 1068 2569 lectio
1090 2507 1202 2592 inepte

93 2601 237 2683 videtur,
258 2612 348 2671 certe
375 2607 503 2689 ineptus
524 2605 654 2689 peperit
676 2603 976 2686 interpretationes.
1035 2605 1080 2672 V.
1103 2609 1199 2695 Lips.

95 2702 205 2790 Epist.
219 2706 351 2787 Qnrest.
369 2725 420 2773 tv.
434 2699 488 2772 25.
534 2705 568 2770 N
571 2705 673 2783 eseio,
695 2709 804 2769 utrum
818 2704 932 2787 legerit
946 2705 1126 2790 Ferrarius,
1143 2715 1200 2796 qni

95 2806 202 2872 Elect.
227 2826 268 2872 ιι.
284 2809 336 2873 16.
358 2810 389 2873 h.
411 2810 435 2873 Ι.
458 2811 506 2872 ita
528 2806 701 2890 exposuit:
725 2802 870 2868 meliusne
890 2825 979 2890 ergo,
994 2810 1017 2872 i.
1032 2831 1063 2874 e.
1078 2811 1201 2880 lautius

94 2913 240 2994 tegetum
253 2911 368 2976 Villici
390 2910 478 2975 filins
499 2909 612 2992 cupiet
632 2928 654 2972 e
673 2908 820 2990 pathico,
835 2927 935 2991 quam
959 2909 1100 2976 dreueus
1115 2916 1200 2998 ipse,

94 3015 154 3096 qui
173 3031 241 3078 non
264 3033 380 3094 ugrum
396 3013 488 3089 colit,
503 3010 562 3075 sed
577 3005 765 3074 dominnm?
802 3009 851 3074 At
870 3011 919 3074 sio
942 3009 1045 3094 poeta
1059 3012 1200 3083 dixisset

94 3113 263 3198 legatarius
276 3111 351 3196 fiet,
366 3113 420 3177 vel
433 3113 569 3199 tegetum
585 3111 700 3196 rapiet:
724 3131 830 3196 neque
851 3114 900 3177 ite
921 3115 1004 3178 setis
1019 3123 1199 3200 congruunt

93 3219 221 3303 reliqua
236 3218 338 3282 verba
352 3235 419 3279 cum
434 3225 533 3279 matre
546 3224 574 3278 et
590 3213 714 3293 carolis,
731 3223 796 3280 cet.

514 3475 767 3496 “nn-h·-

454 3653 834 3734 EXCURSUS

501 3878 553 3928 nn
570 3877 644 3928 snu.
661 3867 714 3928 lx.
733 3880 788 3928 roe.

135 4023 216 4090 Ptto
238 4035 363 4089 taceant
384 4045 486 4092 omnes
508 4023 709 4090 eontrarium
739 4021 869 4098 clament
893 4037 993 4086 omres
1018 4018 1137 4106 legitur
1161 4010 1197 4114 111

94 4125 204 4194 tels.
216 4127 332 4195 stt-25.
345 4129 459 4195 45-50.
472 4128 527 4193 54.
541 4129 597 4193 55.
611 4127 726 4196 dm.
748 4126 864 4193 71-73.
886 4123 1004 4190 clamat
1022 4122 1118 4188 omnir
1139 4122 1196 4189 lu
