2817 4792
453 393 455 400 ⁴
528 385 598 434 ιιι)
619 385 701 435 sar.
725 387 761 436 v.
1138 371 1205 436 διδ

95 530 235 599 werdere
246 532 347 599 sordes
361 553 391 600 s.
404 535 588 602 immundos
597 532 866 621 reliquiasfaem's
879 533 997 615 canini,
1009 535 1109 620 panis
1119 535 1205 602 adeo

95 635 183 714 duri,
198 657 294 720 quem
311 657 353 701 ne
368 657 470 702 canes
481 639 614 723 quidem
634 657 782 703 comesse
795 645 942 722 possent
985 639 1083 705 Illam
1096 657 1206 704 emen·

96 737 275 816 dationem,
288 741 342 803 cui
361 745 395 804 et
408 740 483 804 libri
498 739 619 817 lavent,
640 759 706 804 non
725 741 893 824 improbat
915 740 1069 819 Proteus,
1084 745 1118 804 et
1129 739 1206 804 reli·

95 839 173 923 quis
187 838 321 924 praelert
335 839 506 917 Platbner,
521 845 559 904 ut
573 841 675 923 poeta
688 840 853 923 eleganter
866 841 992 907 tribuat
1004 842 1098 919 sami,
1113 839 1204 926 quod

94 947 208 1006 orator
220 941 374 1006 famelico
392 941 766 1006 tribuisset-Lubincs
789 948 822 1006 et
847 941 1005 1008 Graevius
1018 944 1133 1026 reponi
1149 943 1204 1028 ju·

93 1043 172 1107 bent
186 1041 261 1128 quin
274 1045 385 1126 poscit,
401 1043 459 1108 scd
473 1043 604 1108 diverso
618 1043 720 1107 modo
733 1044 808 1109 baec
824 1045 928 1110 verbe
941 1051 974 1109 et
986 1047 1203 1129 interpreten-

94 1147 148 1208 tur
161 1149 194 1208 et
215 1145 458 1230 interpungunt.
504 1146 567 1211 Ille
581 1147 650 1211 sic:
673 1145 750 1232 quia
766 1150 801 1210 to
813 1147 911 1230 longe
930 1145 1082 1210 honestius
1091 1143 1203 1230 porcis,

94 1245 245 1329 postulas
254 1256 287 1312 et
301 1259 470 1333 praeoptas
486 1249 706 1314 mendicando
716 1249 830 1332 potins
843 1255 982 1313 nemore
994 1254 1027 1313 et
1036 1247 1205 1312 sordidum

95 1347 266 1414 comedere
281 1369 415 1434 panem,
432 1371 533 1435 quam
547 1351 687 1434 turpiter
702 1349 869 1414 adulando
882 1349 971 1414 idem
982 1351 1094 1415 faeere
1106 1349 1140 1413 in
1152 1349 1203 1412 di·

94 1449 201 1513 vitum
226 1453 361 1515 mensis.
406 1453 477 1518 Hic
494 1472 573 1518 vero
589 1454 650 1516 ita:
677 1448 707 1514 T
703 1473 754 1514 um
765 1451 882 1536 jejuno
897 1451 1030 1536 famer?
1042 1453 1201 1518 -rsmesne

94 1553 189 1614 tanta
202 1557 262 1629 est,
278 1559 316 1618 ut
329 1555 405 1618 illas
419 1557 558 1638 patiaris
573 1555 810 1620 contumeliosi
831 1553 909 1639 quin
918 1545 1124 1638 potetatem
1137 1571 1205 1616 non

93 1652 290 1718 mendicasl
313 1653 466 1720 honestius
488 1662 549 1735 est,
575 1654 653 1734 illic,
669 1659 703 1722 in
719 1641 888 1741 crepidine
901 1661 959 1720 aut
970 1661 1083 1741 ponte,
1098 1663 1128 1718 et
1142 1663 1204 1717 tre·

92 1773 186 1832 mere,
199 1755 302 1838 frigus
318 1760 400 1840 pati,
417 1768 445 1822 ct
469 1757 571 1822 sordes
584 1757 694 1844 sorrr's
718 1757 856 1823 mordere
878 1758 996 1837 eunici,
1019 1763 1053 1822 et
1067 1755 1203 1822 sordido

93 1873 181 1939 pane
194 1859 299 1937 vesci,
313 1879 414 1943 quam
429 1861 463 1924 in
477 1881 591 1926 mensa
606 1862 748 1926 divitum
760 1869 829 1926 tam
840 1861 975 1943 indigna
986 1861 1070 1943 pati.
1099 1857 1202 1922 Hanc

92 1957 268 2022 lectionem
295 1959 604 2045 distinctionemque
627 1965 817 2044 receperrmt
842 1959 1042 2038 Herminius,
1062 1965 1097 2024 et
1123 1962 1204 2042 post

94 2076 170 2122 eum
186 2059 255 2124 alii.
299 2060 367 2125 Sed
382 2061 414 2124 τι
427 2081 550 2145 poscere
564 2061 674 2144 simpl.
688 2061 769 2144 poni
782 2079 844 2143 pro
865 2057 1041 2124 mendicare
1058 2059 1118 2125 vix
1133 2077 1203 2124 cre-

93 2159 487 2245 diderim-Grangaeus,
503 2163 717 2226 Britannicus
731 2165 765 2224 et
779 2160 837 2224 alii
855 2159 887 2225 b
902 2161 926 2224 l.
941 2166 1060 2238 tacent,
1075 2166 1109 2226 et
1119 2159 1202 2225 dilli-

94 2263 250 2328 cultatem
264 2264 336 2350 ejus
351 2264 406 2328 vel
426 2283 492 2329 non
508 2265 654 2329 sensisse
668 2263 831 2341 videntur,
844 2261 900 2327 rel
915 2263 1082 2348 sapienter
1103 2261 1202 2328 dissi-

93 2363 240 2430 milasse.

138 2464 301 2549 Equidem
315 2487 382 2533 non
395 2473 523 2534 tanturn
537 2468 618 2532 mihi
632 2467 817 2545 sumserim,
830 2473 870 2533 ut
891 2485 961 2531 rem
971 2485 1037 2531 acu
1051 2466 1200 2549 tetigisse

92 2566 174 2632 mibi
190 2569 419 2651 persuadeam.
464 2567 552 2634 Cum
566 2587 645 2634 vero
667 2570 702 2632 in
724 2569 938 2646 lectionibus,
956 2587 1033 2661 qnae
1047 2569 1082 2632 in
1095 2567 1202 2632 omni·

92 2669 158 2732 bus
169 2667 237 2733 lere
251 2669 344 2734 libris
359 2671 629 2736 circumferuntur
642 2675 725 2748 (ram
735 2669 833 2756 porris
846 2677 960 2736 etcum
971 2667 1082 2753 possit)
1102 2687 1201 2734 nemo

91 2767 192 2834 facile
217 2772 440 2854 acquiescere,
464 2777 498 2836 et
520 2771 691 2848 levissima
716 2791 833 2839 earum
853 2773 1032 2838 mutatione
1044 2771 1200 2836 carminis

92 2870 194 2936 nitori
210 2877 309 2955 atque
333 2873 487 2956 dignitati
502 2874 627 2939 consuli
643 2881 759 2959 queat:
780 2873 913 2940 veniam
935 2892 1032 2958 spero
1048 2871 1130 2940 mibi
1141 2870 1200 2935 dn-

91 2981 163 3042 tum
176 2975 229 3052 iri,
242 2974 332 3058 quod
345 2976 380 3039 in
392 2975 523 3040 illarum
537 2976 648 3042 locum
667 2977 767 3042 aliam
780 2980 863 3055 (cnm
872 2973 932 3061 pol
944 2972 1003 3059 sit)
1011 3035 1015 3042 ,
1023 2975 1201 3040 substitue·

90 3075 165 3153 rim,
181 3095 294 3160 qnam,
310 3078 409 3142 simul
420 3097 461 3142 ao
475 3079 615 3144 meliora
628 3079 766 3146 edoctus
780 3078 887 3157 suero,
897 3078 1015 3144 lubens
1025 3075 1200 3143 damnabo.

90 3174 144 3242 Ea
158 3185 245 3244 certe
256 3179 404 3244 admissa
414 3197 481 3244 non
495 3179 607 3256 video,
625 3181 708 3263 quid
719 3181 755 3244 in
768 3179 801 3246 b.
812 3180 837 3244 l.
853 3179 1029 3263 displicere
1039 3179 1157 3262 possit,
1169 3175 1200 3242 si

89 3279 139 3344 ita
152 3297 228 3344 eum
242 3282 456 3363 exposueris:
483 3276 617 3344 Tertiae
632 3281 731 3364 pretii
746 3287 799 3346 est
811 3281 885 3358 tibi,
900 3280 956 3343 vel
970 3298 992 3342 a
1004 3283 1039 3343 te
1052 3279 1200 3353 aestima·

88 3387 145 3448 tur
159 3379 279 3466 injurio
289 3403 396 3470 ¹caerae,
410 3383 443 3446 b.
457 3401 487 3446 e.
502 3401 600 3446 coena
618 3382 790 3465 injuriosa,
805 3380 1008 3457 convivium,
1020 3379 1054 3442 in
1068 3397 1138 3462 qno
1151 3381 1201 3440 tot

88 3482 239 3567 talesque
265 3485 394 3571 injuriae
409 3483 482 3560 tibi
507 3481 651 3546 terendae
675 3482 772 3546 suntt
795 3481 878 3546 tenti
902 3499 1035 3545 coenam
1059 3479 1201 3544 divitum

87 3583 317 3670 nobiliumque
330 3586 429 3665 tacis,
445 3591 481 3650 ut
495 3589 631 3670 propter
645 3603 719 3650 eam
731 3583 808 3648 illas
822 3583 940 3648 toleres
953 3582 1110 3669 injuriasl
1134 3587 1201 3641 tam

77 3683 197 3774 ιῘςριιιιιι
209 3684 328 3772 fumes,
352 3687 408 3774 (ut
427 3709 482 3773 ap.
506 3687 605 3754 ovid.
621 3686 706 3752 Met.
722 3701 805 3750 vul.
818 3685 910 3764 790.)
932 3690 1066 3750 tantane
1085 3685 1201 3746 ettam

88 3787 163 3854 dira
173 3793 224 3853 est
237 3789 345 3856 sames
364 3798 432 3869 tua,
449 3796 486 3855 ut
500 3796 609 3858 tantas
624 3790 667 3854 ob
682 3808 757 3854 eam
770 3795 805 3854 et
818 3793 868 3854 tot
880 3787 1017 3870 injurias
1038 3782 1201 3868 patienter

86 3889 198 3956 forest
222 3912 289 3956 cum
300 3889 367 3976 pot,
380 3893 544 3976 prolecto,
561 3897 612 3972 (ut
622 3891 756 3976 edepol,
777 3895 919 3967 ecastor,
939 3886 1200 3966 herclemecas-

87 3994 155 4068 tor,
174 3993 350 4073 mehercle)
362 3993 403 4057 rit
417 3993 582 4073 Ιιοιιειιιιιι,
597 3991 677 4072 illic,
703 3993 739 4056 in
760 3989 930 4076 crepidine
953 3989 1143 4072 scalpente,
1167 3995 1198 4050 et

87 4101 230 4172 tremere,
245 4093 366 4176 frigore
388 4095 530 4173 horrere,
551 4093 649 4180 (quia
671 4111 802 4178 pauper
814 4091 902 4156 male
920 4092 1062 4158 restitus
1075 4093 1139 4169 est,
1160 4091 1198 4154 ut

88 4197 233 4274 taceam,
254 4195 344 4280 quod
367 4195 493 4282 Grang.
507 4201 631 4276 monet,
657 4196 853 4284 plerumque
870 4191 949 4260 ficte
973 4199 1119 4272 tremere,
1140 4189 1198 4274 qui
1281 4277 1285 4286 Ι
