<?xml version="1.0" encoding="UTF-8"?>
<!DOCTYPE html PUBLIC "-//W3C//DTD XHTML 1.0 Transitional//EN"
    "http://www.w3.org/TR/xhtml1/DTD/xhtml1-transitional.dtd">
<html xmlns="http://www.w3.org/1999/xhtml" xml:lang="en" lang="en">
 <head>
  <title>
</title>
<meta http-equiv="Content-Type" content="text/html;charset=utf-8" />
  <meta name='ocr-system' content='tesseract 3.04.00' />
  <meta name='ocr-capabilities' content='ocr_page ocr_carea ocr_par ocr_line ocrx_word'/>
</head>
<body>
  <div class='ocr_page' id='page_1' title='image "./djuniijuvenalis04persgoog_0027.png"; bbox 0 0 2817 4792; ppageno 0'>
   <div class='ocr_carea' id='block_1_1' title="bbox 535 359 1190 432">
    <p class='ocr_par' dir='ltr' id='par_1_1' title="bbox 535 359 1190 432">
     <span class='ocr_line' id='line_1_1' title="bbox 535 359 1190 432; baseline -0.014 -8"><span class='ocrx_word' id='word_1_1' title='bbox 535 371 745 426; x_wconf 79' lang='lat' dir='ltr'><strong>runrsrso.</strong></span> <span class='ocrx_word' id='word_1_2' title='bbox 1144 359 1190 432; x_wconf 70' lang='lat'><strong>13</strong></span> 
     </span>
    </p>
   </div>
   <div class='ocr_carea' id='block_1_2' title="bbox 69 521 1192 1216">
    <p class='ocr_par' dir='ltr' id='par_1_2' title="bbox 69 521 1192 1216">
     <span class='ocr_line' id='line_1_2' title="bbox 69 521 1191 610; baseline 0 -16"><span class='ocrx_word' id='word_1_3' title='bbox 69 525 213 610; x_wconf 76' lang='lat' dir='ltr'><strong>vulgari</strong></span> <span class='ocrx_word' id='word_1_4' title='bbox 236 523 449 590; x_wconf 80' lang='lat' dir='ltr'><strong>humanitatis</strong></span> <span class='ocrx_word' id='word_1_5' title='bbox 477 523 632 607; x_wconf 85' lang='lat' dir='ltr'><strong>exempto</strong></span> <span class='ocrx_word' id='word_1_6' title='bbox 656 529 706 589; x_wconf 88' lang='lat' dir='ltr'><strong>tot</strong></span> <span class='ocrx_word' id='word_1_7' title='bbox 734 521 845 607; x_wconf 77' lang='lat' dir='ltr'><strong>polites</strong></span> <span class='ocrx_word' id='word_1_8' title='bbox 871 523 1111 609; x_wconf 74' lang='lat' dir='ltr'><strong>exemplarium</strong></span> <span class='ocrx_word' id='word_1_9' title='bbox 1134 526 1191 594; x_wconf 80' lang='lat' dir='ltr'><strong>uel</strong></span> 
     </span>
     <span class='ocr_line' id='line_1_3' title="bbox 71 625 1188 708; baseline -0.002 -16"><span class='ocrx_word' id='word_1_10' title='bbox 71 627 256 692; x_wconf 83' lang='lat' dir='ltr'><strong>varietatis</strong></span> <span class='ocrx_word' id='word_1_11' title='bbox 270 645 392 702; x_wconf 87' lang='lat' dir='ltr'><strong>eornm,</strong></span> <span class='ocrx_word' id='word_1_12' title='bbox 421 625 465 688; x_wconf 83' lang='lat' dir='ltr'><strong>ub</strong></span> <span class='ocrx_word' id='word_1_13' title='bbox 486 625 571 706; x_wconf 83' lang='lat' dir='ltr'><strong>ipsis</strong></span> <span class='ocrx_word' id='word_1_14' title='bbox 594 629 775 706; x_wconf 67' lang='lat' dir='ltr'><strong>excerptos,</strong></span> <span class='ocrx_word' id='word_1_15' title='bbox 798 625 934 708; x_wconf 84' lang='lat' dir='ltr'><strong>copiam</strong></span> <span class='ocrx_word' id='word_1_16' title='bbox 957 625 1039 689; x_wconf 82' lang='lat' dir='ltr'><strong>milri</strong></span> <span class='ocrx_word' id='word_1_17' title='bbox 1062 625 1188 708; x_wconf 63' lang='lat' dir='ltr'><strong>focem</strong></span> 
     </span>
     <span class='ocr_line' id='line_1_4' title="bbox 71 725 1192 814; baseline 0 -20"><span class='ocrx_word' id='word_1_18' title='bbox 71 729 142 814; x_wconf 88' lang='lat' dir='ltr'><strong>qui</strong></span> <span class='ocrx_word' id='word_1_19' title='bbox 158 729 317 812; x_wconf 85' lang='lat' dir='ltr'><strong>opipnrus</strong></span> <span class='ocrx_word' id='word_1_20' title='bbox 330 731 512 811; x_wconf 83' lang='lat' dir='ltr'><strong>apparatus</strong></span> <span class='ocrx_word' id='word_1_21' title='bbox 533 746 576 790; x_wconf 84' lang='lat' dir='ltr'><strong>ne</strong></span> <span class='ocrx_word' id='word_1_22' title='bbox 595 725 718 814; x_wconf 65' lang='lat' dir='ltr'><strong>frustra</strong></span> <span class='ocrx_word' id='word_1_23' title='bbox 738 725 819 788; x_wconf 84' lang='lat' dir='ltr'><strong>milri</strong></span> <span class='ocrx_word' id='word_1_24' title='bbox 833 727 1010 809; x_wconf 78' lang='lat' dir='ltr'><strong>contigisse</strong></span> <span class='ocrx_word' id='word_1_25' title='bbox 1024 726 1192 794; x_wconf 84' lang='lat' dir='ltr'><strong>videretur</strong></span> 
     </span>
     <span class='ocr_line' id='line_1_5' title="bbox 74 825 1189 910; baseline 0.001 -18"><span class='ocrx_word' id='word_1_26' title='bbox 74 829 267 894; x_wconf 84' lang='lat' dir='ltr'><strong>cavendum</strong></span> <span class='ocrx_word' id='word_1_27' title='bbox 284 834 379 892; x_wconf 81' lang='lat' dir='ltr'><strong>erut.¹</strong></span> <span class='ocrx_word' id='word_1_28' title='bbox 425 827 558 892; x_wconf 82' lang='lat' dir='ltr'><strong>Novam</strong></span> <span class='ocrx_word' id='word_1_29' title='bbox 580 845 715 910; x_wconf 84' lang='lat' dir='ltr'><strong>quoque</strong></span> <span class='ocrx_word' id='word_1_30' title='bbox 730 825 930 888; x_wconf 73' lang='lat' dir='ltr'><strong><em>recensionem</em></strong></span> <span class='ocrx_word' id='word_1_31' title='bbox 954 825 1113 892; x_wconf 86' lang='lat' dir='ltr'><strong>adornare</strong></span> <span class='ocrx_word' id='word_1_32' title='bbox 1133 847 1189 892; x_wconf 88' lang='lat' dir='ltr'><strong>co·</strong></span> 
     </span>
     <span class='ocr_line' id='line_1_6' title="bbox 74 925 1189 1012; baseline -0.002 -18"><span class='ocrx_word' id='word_1_33' title='bbox 74 929 199 1008; x_wconf 83' lang='lat' dir='ltr'><strong>nabar,</strong></span> <span class='ocrx_word' id='word_1_34' title='bbox 213 947 352 1012; x_wconf 82' lang='lat' dir='ltr'><strong>eumque</strong></span> <span class='ocrx_word' id='word_1_35' title='bbox 367 929 505 1011; x_wconf 86' lang='lat' dir='ltr'><strong>promisi</strong></span> <span class='ocrx_word' id='word_1_36' title='bbox 521 929 555 990; x_wconf 90' lang='lat' dir='ltr'><strong>in</strong></span> <span class='ocrx_word' id='word_1_37' title='bbox 570 928 663 991; x_wconf 90' lang='lat' dir='ltr'><strong>titulo</strong></span> <span class='ocrx_word' id='word_1_38' title='bbox 677 925 763 990; x_wconf 85' lang='lat' dir='ltr'><strong>libri.</strong></span> <span class='ocrx_word' id='word_1_39' title='bbox 808 925 898 990; x_wconf 82' lang='lat' dir='ltr'><strong>Haec</strong></span> <span class='ocrx_word' id='word_1_40' title='bbox 912 946 991 990; x_wconf 88' lang='lat' dir='ltr'><strong>vero</strong></span> <span class='ocrx_word' id='word_1_41' title='bbox 1004 929 1076 990; x_wconf 84' lang='lat' dir='ltr'><strong>ciue</strong></span> <span class='ocrx_word' id='word_1_42' title='bbox 1090 947 1189 992; x_wconf 88' lang='lat' dir='ltr'><strong>accu-</strong></span> 
     </span>
     <span class='ocr_line' id='line_1_7' title="bbox 75 1027 1189 1113; baseline 0 -19"><span class='ocrx_word' id='word_1_43' title='bbox 75 1035 158 1094; x_wconf 81' lang='lat' dir='ltr'><strong>rata</strong></span> <span class='ocrx_word' id='word_1_44' title='bbox 170 1032 327 1108; x_wconf 90' lang='lat' dir='ltr'><strong>omnium,</strong></span> <span class='ocrx_word' id='word_1_45' title='bbox 351 1035 440 1093; x_wconf 81' lang='lat' dir='ltr'><strong>corte</strong></span> <span class='ocrx_word' id='word_1_46' title='bbox 462 1029 689 1113; x_wconf 90' lang='lat' dir='ltr'><strong>plurimorum,</strong></span> <span class='ocrx_word' id='word_1_47' title='bbox 716 1027 872 1092; x_wconf 87' lang='lat' dir='ltr'><strong>codicum</strong></span> <span class='ocrx_word' id='word_1_48' title='bbox 889 1028 1069 1092; x_wconf 85' lang='lat' dir='ltr'><strong>collatione</strong></span> <span class='ocrx_word' id='word_1_49' title='bbox 1082 1029 1189 1094; x_wconf 83' lang='lat' dir='ltr'><strong>neuti-</strong></span> 
     </span>
     <span class='ocr_line' id='line_1_8' title="bbox 76 1127 1190 1216; baseline 0.001 -22"><span class='ocrx_word' id='word_1_50' title='bbox 76 1149 185 1216; x_wconf 84' lang='lat' dir='ltr'><strong>quam</strong></span> <span class='ocrx_word' id='word_1_51' title='bbox 198 1129 313 1216; x_wconf 85' lang='lat' dir='ltr'><strong>pcrfici</strong></span> <span class='ocrx_word' id='word_1_52' title='bbox 323 1133 461 1214; x_wconf 88' lang='lat' dir='ltr'><strong>potest.²</strong></span> <span class='ocrx_word' id='word_1_53' title='bbox 499 1129 580 1194; x_wconf 88' lang='lat' dir='ltr'><strong>Huc</strong></span> <span class='ocrx_word' id='word_1_54' title='bbox 590 1127 732 1208; x_wconf 83' lang='lat' dir='ltr'><strong>accedit,</strong></span> <span class='ocrx_word' id='word_1_55' title='bbox 748 1128 840 1212; x_wconf 91' lang='lat' dir='ltr'><strong>quod</strong></span> <span class='ocrx_word' id='word_1_56' title='bbox 853 1128 1032 1213; x_wconf 90' lang='lat' dir='ltr'><strong>plurimum</strong></span> <span class='ocrx_word' id='word_1_57' title='bbox 1043 1130 1190 1210; x_wconf 82' lang='lat' dir='ltr'><strong>interest,</strong></span> 
     </span>
    </p>
   </div>
   <div class='ocr_carea' id='block_1_3' title="bbox 588 1327 694 1382">
    <p class='ocr_par' dir='ltr' id='par_1_3' title="bbox 588 1327 694 1382">
     <span class='ocr_line' id='line_1_9' title="bbox 588 1327 694 1382; baseline -0.019 0"><span class='ocrx_word' id='word_1_58' title='bbox 588 1327 694 1382; x_wconf 74' lang='lat' dir='ltr'><strong>Norffi</strong></span> 
     </span>
    </p>
   </div>
   <div class='ocr_carea' id='block_1_4' title="bbox 77 1453 1194 2208">
    <p class='ocr_par' dir='ltr' id='par_1_4' title="bbox 77 1453 1194 2208">
     <span class='ocr_line' id='line_1_10' title="bbox 115 1453 1191 1525; baseline 0.002 -17"><span class='ocrx_word' id='word_1_59' title='bbox 115 1459 131 1508; x_wconf 89' lang='lat'>1</span> <span class='ocrx_word' id='word_1_60' title='bbox 152 1459 290 1510; x_wconf 82' lang='lat' dir='ltr'><strong>limestiin</strong></span> <span class='ocrx_word' id='word_1_61' title='bbox 299 1460 407 1512; x_wconf 81' lang='lat' dir='ltr'><strong>Praefat.</strong></span> <span class='ocrx_word' id='word_1_62' title='bbox 419 1461 452 1510; x_wconf 86' lang='lat' dir='ltr'><strong>sd</strong></span> <span class='ocrx_word' id='word_1_63' title='bbox 461 1459 582 1510; x_wconf 83' lang='lat' dir='ltr'><strong>Tacitum</strong></span> <span class='ocrx_word' id='word_1_64' title='bbox 592 1475 620 1524; x_wconf 92' lang='lat' dir='ltr'><strong>p.</strong></span> <span class='ocrx_word' id='word_1_65' title='bbox 660 1459 728 1510; x_wconf 83' lang='lat' dir='ltr'><strong>‘bus</strong></span> <span class='ocrx_word' id='word_1_66' title='bbox 738 1457 844 1524; x_wconf 82' lang='lat' dir='ltr'><strong>scriptis</strong></span> <span class='ocrx_word' id='word_1_67' title='bbox 856 1457 984 1525; x_wconf 72' lang='lat' dir='ltr'><strong>editisque</strong></span> <span class='ocrx_word' id='word_1_68' title='bbox 1003 1457 1086 1510; x_wconf 88' lang='lat' dir='ltr'><strong>omnis</strong></span> <span class='ocrx_word' id='word_1_69' title='bbox 1100 1453 1191 1510; x_wconf 82' lang='lat' dir='ltr'><strong>tectio·</strong></span> 
     </span>
     <span class='ocr_line' id='line_1_11' title="bbox 77 1535 1194 1602; baseline 0.001 -18"><span class='ocrx_word' id='word_1_70' title='bbox 77 1545 110 1584; x_wconf 73' lang='lat' dir='ltr'><strong>v.</strong></span> <span class='ocrx_word' id='word_1_71' title='bbox 118 1549 160 1584; x_wconf 87' lang='lat' dir='ltr'><strong>vr.</strong></span> <span class='ocrx_word' id='word_1_72' title='bbox 169 1536 177 1563; x_wconf 83' lang='lat'>‘</span> <span class='ocrx_word' id='word_1_73' title='bbox 187 1536 383 1602; x_wconf 82' lang='lat' dir='ltr'><strong>Superioribus,&#39;</strong></span> <span class='ocrx_word' id='word_1_74' title='bbox 393 1537 484 1602; x_wconf 91' lang='lat' dir='ltr'><strong>inquit,</strong></span> <span class='ocrx_word' id='word_1_75' title='bbox 493 1537 501 1565; x_wconf 87' lang='lat'>‘</span> <span class='ocrx_word' id='word_1_76' title='bbox 511 1535 621 1600; x_wconf 82' lang='lat' dir='ltr'><strong>srecnlis,</strong></span> <span class='ocrx_word' id='word_1_77' title='bbox 661 1535 669 1564; x_wconf 87' lang='lat'>‘</span> <span class='ocrx_word' id='word_1_78' title='bbox 681 1537 868 1602; x_wconf 82' lang='lat' dir='ltr'><strong>uumvsrietas,</strong></span> <span class='ocrx_word' id='word_1_79' title='bbox 879 1537 959 1586; x_wconf 80' lang='lat' dir='ltr'><strong>etiam</strong></span> <span class='ocrx_word' id='word_1_80' title='bbox 967 1535 1103 1586; x_wconf 76' lang='lat' dir='ltr'><strong>menifesta</strong></span> <span class='ocrx_word' id='word_1_81' title='bbox 1112 1537 1194 1600; x_wconf 90' lang='lat' dir='ltr'><strong>scrip·</strong></span> 
     </span>
     <span class='ocr_line' id='line_1_12' title="bbox 80 1609 1192 1676; baseline 0.002 -19"><span class='ocrx_word' id='word_1_82' title='bbox 80 1611 89 1636; x_wconf 92' lang='lat'>‘</span> <span class='ocrx_word' id='word_1_83' title='bbox 105 1609 152 1674; x_wconf 89' lang='lat' dir='ltr'><strong>qni</strong></span> <span class='ocrx_word' id='word_1_84' title='bbox 168 1610 201 1658; x_wconf 86' lang='lat' dir='ltr'><strong>ad</strong></span> <span class='ocrx_word' id='word_1_85' title='bbox 216 1612 386 1661; x_wconf 85' lang='lat' dir='ltr'><strong>recensendos</strong></span> <span class='ocrx_word' id='word_1_86' title='bbox 399 1613 539 1676; x_wconf 67' lang='lat' dir='ltr'><strong>scriptores</strong></span> <span class='ocrx_word' id='word_1_87' title='bbox 551 1618 620 1668; x_wconf 78' lang='lat' dir='ltr'><strong>vete·</strong></span> <span class='ocrx_word' id='word_1_88' title='bbox 660 1611 747 1662; x_wconf 72' lang='lat' dir='ltr'><strong>‘turm</strong></span> <span class='ocrx_word' id='word_1_89' title='bbox 759 1612 823 1662; x_wconf 83' lang='lat' dir='ltr'><strong>ritis</strong></span> <span class='ocrx_word' id='word_1_90' title='bbox 840 1618 1007 1661; x_wconf 81' lang='lat' dir='ltr'><strong>notarentur:</strong></span> <span class='ocrx_word' id='word_1_91' title='bbox 1026 1609 1096 1660; x_wconf 84' lang='lat' dir='ltr'><strong>unde</strong></span> <span class='ocrx_word' id='word_1_92' title='bbox 1112 1623 1192 1674; x_wconf 77' lang='lat' dir='ltr'><strong>quun·</strong></span> 
     </span>
     <span class='ocr_line' id='line_1_13' title="bbox 79 1685 1191 1750; baseline 0.003 -17"><span class='ocrx_word' id='word_1_93' title='bbox 79 1685 89 1714; x_wconf 78' lang='lat'><strong><em>⁴</em></strong></span> <span class='ocrx_word' id='word_1_94' title='bbox 103 1699 148 1733; x_wconf 89' lang='lat' dir='ltr'><strong>res</strong></span> <span class='ocrx_word' id='word_1_95' title='bbox 161 1686 332 1750; x_wconf 72' lang='lat' dir='ltr'><strong>accedebant,</strong></span> <span class='ocrx_word' id='word_1_96' title='bbox 343 1687 405 1736; x_wconf 86' lang='lat' dir='ltr'><strong>satis</strong></span> <span class='ocrx_word' id='word_1_97' title='bbox 416 1687 555 1750; x_wconf 82' lang='lat' dir='ltr'><strong>habebant,</strong></span> <span class='ocrx_word' id='word_1_98' title='bbox 569 1688 619 1736; x_wconf 89' lang='lat' dir='ltr'><strong>Co·</strong></span> <span class='ocrx_word' id='word_1_99' title='bbox 658 1689 666 1716; x_wconf 87' lang='lat'>‘</span> <span class='ocrx_word' id='word_1_100' title='bbox 677 1694 732 1739; x_wconf 88' lang='lat' dir='ltr'><strong>tum</strong></span> <span class='ocrx_word' id='word_1_101' title='bbox 743 1688 864 1739; x_wconf 76' lang='lat' dir='ltr'><strong>utilitatis</strong></span> <span class='ocrx_word' id='word_1_102' title='bbox 875 1685 1101 1738; x_wconf 81' lang='lat' dir='ltr'><strong>redundaveritnd</strong></span> <span class='ocrx_word' id='word_1_103' title='bbox 1110 1686 1191 1749; x_wconf 79' lang='lat' dir='ltr'><strong>scrip·</strong></span> 
     </span>
     <span class='ocr_line' id='line_1_14' title="bbox 78 1761 1192 1828; baseline 0 -18"><span class='ocrx_word' id='word_1_104' title='bbox 78 1761 88 1790; x_wconf 90' lang='lat'>‘</span> <span class='ocrx_word' id='word_1_105' title='bbox 101 1761 175 1811; x_wconf 85' lang='lat' dir='ltr'><strong>dices</strong></span> <span class='ocrx_word' id='word_1_106' title='bbox 187 1763 299 1828; x_wconf 87' lang='lat' dir='ltr'><strong>scriptos</strong></span> <span class='ocrx_word' id='word_1_107' title='bbox 312 1771 339 1814; x_wconf 88' lang='lat' dir='ltr'><strong>et</strong></span> <span class='ocrx_word' id='word_1_108' title='bbox 350 1763 435 1814; x_wconf 81' lang='lat' dir='ltr'><strong>editor</strong></span> <span class='ocrx_word' id='word_1_109' title='bbox 446 1765 580 1814; x_wconf 86' lang='lat' dir='ltr'><strong>consulere</strong></span> <span class='ocrx_word' id='word_1_110' title='bbox 592 1763 619 1813; x_wconf 91' lang='lat' dir='ltr'><strong>in</strong></span> <span class='ocrx_word' id='word_1_111' title='bbox 659 1763 667 1792; x_wconf 78' lang='lat'>⁴</span> <span class='ocrx_word' id='word_1_112' title='bbox 681 1770 752 1815; x_wconf 89' lang='lat' dir='ltr'><strong>tores</strong></span> <span class='ocrx_word' id='word_1_113' title='bbox 764 1771 877 1826; x_wconf 85' lang='lat' dir='ltr'><strong>veteres,</strong></span> <span class='ocrx_word' id='word_1_114' title='bbox 893 1777 945 1814; x_wconf 89' lang='lat' dir='ltr'><strong>non</strong></span> <span class='ocrx_word' id='word_1_115' title='bbox 955 1764 1085 1828; x_wconf 70' lang='lat' dir='ltr'><strong>ignorent,</strong></span> <span class='ocrx_word' id='word_1_116' title='bbox 1101 1761 1145 1828; x_wconf 87' lang='lat' dir='ltr'><strong>qni</strong></span> <span class='ocrx_word' id='word_1_117' title='bbox 1163 1762 1192 1822; x_wconf 78' lang='lat' dir='ltr'><strong>iq</strong></span> 
     </span>
     <span class='ocr_line' id='line_1_15' title="bbox 79 1836 1193 1904; baseline 0.003 -19"><span class='ocrx_word' id='word_1_118' title='bbox 79 1837 88 1865; x_wconf 90' lang='lat'>‘</span> <span class='ocrx_word' id='word_1_119' title='bbox 102 1836 168 1886; x_wconf 81' lang='lat' dir='ltr'><strong>locis</strong></span> <span class='ocrx_word' id='word_1_120' title='bbox 181 1838 221 1900; x_wconf 82' lang='lat' dir='ltr'><strong>iis,</strong></span> <span class='ocrx_word' id='word_1_121' title='bbox 237 1839 281 1887; x_wconf 88' lang='lat' dir='ltr'><strong>ubi</strong></span> <span class='ocrx_word' id='word_1_122' title='bbox 297 1841 426 1889; x_wconf 74' lang='lat' dir='ltr'><strong>haererent</strong></span> <span class='ocrx_word' id='word_1_123' title='bbox 437 1839 496 1904; x_wconf 88' lang='lat' dir='ltr'><strong>ipsi,</strong></span> <span class='ocrx_word' id='word_1_124' title='bbox 516 1847 544 1890; x_wconf 89' lang='lat' dir='ltr'><strong>et</strong></span> <span class='ocrx_word' id='word_1_125' title='bbox 554 1837 619 1888; x_wconf 81' lang='lat' dir='ltr'><strong>diffi-</strong></span> <span class='ocrx_word' id='word_1_126' title='bbox 658 1840 718 1888; x_wconf 88' lang='lat' dir='ltr'><strong>‘his</strong></span> <span class='ocrx_word' id='word_1_127' title='bbox 728 1841 810 1890; x_wconf 88' lang='lat' dir='ltr'><strong>literis</strong></span> <span class='ocrx_word' id='word_1_128' title='bbox 821 1840 962 1904; x_wconf 77' lang='lat' dir='ltr'><strong>diligenter</strong></span> <span class='ocrx_word' id='word_1_129' title='bbox 979 1845 1039 1888; x_wconf 88' lang='lat' dir='ltr'><strong>snut</strong></span> <span class='ocrx_word' id='word_1_130' title='bbox 1053 1838 1193 1888; x_wconf 78' lang='lat' dir='ltr'><strong>versati.-</strong></span> 
     </span>
     <span class='ocr_line' id='line_1_16' title="bbox 80 1913 1194 1978; baseline 0.002 -16"><span class='ocrx_word' id='word_1_131' title='bbox 80 1913 212 1962; x_wconf 82' lang='lat' dir='ltr'><strong>‘cultetis</strong></span> <span class='ocrx_word' id='word_1_132' title='bbox 224 1913 321 1978; x_wconf 88' lang='lat' dir='ltr'><strong>aliquid</strong></span> <span class='ocrx_word' id='word_1_133' title='bbox 330 1915 462 1978; x_wconf 87' lang='lat' dir='ltr'><strong>objectum</strong></span> <span class='ocrx_word' id='word_1_134' title='bbox 472 1921 548 1964; x_wconf 81' lang='lat' dir='ltr'><strong>esset.</strong></span> <span class='ocrx_word' id='word_1_135' title='bbox 566 1915 620 1964; x_wconf 90' lang='lat' dir='ltr'><strong>lta·</strong></span> <span class='ocrx_word' id='word_1_136' title='bbox 659 1917 797 1966; x_wconf 82' lang='lat' dir='ltr'><strong>‘Historia</strong></span> <span class='ocrx_word' id='word_1_137' title='bbox 818 1925 906 1966; x_wconf 86' lang='lat' dir='ltr'><strong>autem</strong></span> <span class='ocrx_word' id='word_1_138' title='bbox 929 1915 1071 1966; x_wconf 82' lang='lat' dir='ltr'><strong>editionum</strong></span> <span class='ocrx_word' id='word_1_139' title='bbox 1097 1931 1130 1965; x_wconf 77' lang='lat' dir='ltr'><strong>ee</strong></span> <span class='ocrx_word' id='word_1_140' title='bbox 1148 1915 1194 1964; x_wconf 84' lang='lat' dir='ltr'><strong>da·</strong></span> 
     </span>
     <span class='ocr_line' id='line_1_17' title="bbox 82 1989 1193 2056; baseline 0.004 -19"><span class='ocrx_word' id='word_1_141' title='bbox 82 1989 156 2053; x_wconf 90' lang='lat' dir='ltr'><strong>‘que</strong></span> <span class='ocrx_word' id='word_1_142' title='bbox 177 1993 278 2039; x_wconf 84' lang='lat' dir='ltr'><strong>tantum</strong></span> <span class='ocrx_word' id='word_1_143' title='bbox 296 1992 420 2040; x_wconf 90' lang='lat' dir='ltr'><strong>lectiones</strong></span> <span class='ocrx_word' id='word_1_144' title='bbox 432 1991 566 2054; x_wconf 88' lang='lat' dir='ltr'><strong>librorum,</strong></span> <span class='ocrx_word' id='word_1_145' title='bbox 586 1991 619 2040; x_wconf 87' lang='lat' dir='ltr'><strong>ud</strong></span> <span class='ocrx_word' id='word_1_146' title='bbox 660 1991 751 2040; x_wconf 85' lang='lat' dir='ltr'><strong>‘mum</strong></span> <span class='ocrx_word' id='word_1_147' title='bbox 770 1993 841 2042; x_wconf 87' lang='lat' dir='ltr'><strong>utilis</strong></span> <span class='ocrx_word' id='word_1_148' title='bbox 860 1998 911 2054; x_wconf 87' lang='lat' dir='ltr'><strong>est,</strong></span> <span class='ocrx_word' id='word_1_149' title='bbox 936 2007 995 2056; x_wconf 75' lang='lat' dir='ltr'><strong>qua</strong></span> <span class='ocrx_word' id='word_1_150' title='bbox 1015 1991 1103 2056; x_wconf 87' lang='lat' dir='ltr'><strong>docet,</strong></span> <span class='ocrx_word' id='word_1_151' title='bbox 1122 1991 1193 2041; x_wconf 88' lang='lat' dir='ltr'><strong>uude</strong></span> 
     </span>
     <span class='ocr_line' id='line_1_18' title="bbox 82 2066 1193 2132; baseline 0.004 -18"><span class='ocrx_word' id='word_1_152' title='bbox 82 2066 138 2114; x_wconf 86' lang='lat' dir='ltr'><strong>‘ea</strong></span> <span class='ocrx_word' id='word_1_153' title='bbox 160 2066 218 2116; x_wconf 86' lang='lat' dir='ltr'><strong>luca</strong></span> <span class='ocrx_word' id='word_1_154' title='bbox 237 2066 347 2118; x_wconf 79' lang='lat' dir='ltr'><strong>fortasse</strong></span> <span class='ocrx_word' id='word_1_155' title='bbox 367 2067 523 2132; x_wconf 78' lang='lat' dir='ltr'><strong>profuturus,</strong></span> <span class='ocrx_word' id='word_1_156' title='bbox 550 2075 622 2132; x_wconf 85' lang='lat' dir='ltr'><strong>pete·</strong></span> <span class='ocrx_word' id='word_1_157' title='bbox 661 2067 803 2132; x_wconf 82' lang='lat' dir='ltr'><strong>‘cujusque</strong></span> <span class='ocrx_word' id='word_1_158' title='bbox 823 2073 911 2118; x_wconf 81' lang='lat' dir='ltr'><strong>textus</strong></span> <span class='ocrx_word' id='word_1_159' title='bbox 928 2069 1022 2117; x_wconf 85' lang='lat' dir='ltr'><strong>ductus</strong></span> <span class='ocrx_word' id='word_1_160' title='bbox 1036 2067 1088 2127; x_wconf 77' lang='lat' dir='ltr'><strong>sit3</strong></span> <span class='ocrx_word' id='word_1_161' title='bbox 1105 2073 1193 2118; x_wconf 76' lang='lat' dir='ltr'><strong>utrum</strong></span> 
     </span>
     <span class='ocr_line' id='line_1_19' title="bbox 79 2141 1193 2208; baseline 0.003 -19"><span class='ocrx_word' id='word_1_162' title='bbox 79 2141 622 2203; x_wconf 82' lang='lat' dir='ltr'><strong>‘baut,nonuuiversaurlectionisuarieta-</strong></span> <span class='ocrx_word' id='word_1_163' title='bbox 661 2144 714 2191; x_wconf 83' lang='lat' dir='ltr'><strong>‘ex</strong></span> <span class='ocrx_word' id='word_1_164' title='bbox 734 2143 785 2190; x_wconf 85' lang='lat' dir='ltr'><strong>aliu</strong></span> <span class='ocrx_word' id='word_1_165' title='bbox 806 2142 933 2208; x_wconf 85' lang='lat' dir='ltr'><strong>superiori</strong></span> <span class='ocrx_word' id='word_1_166' title='bbox 961 2143 1100 2206; x_wconf 83' lang='lat' dir='ltr'><strong>repetitus,</strong></span> <span class='ocrx_word' id='word_1_167' title='bbox 1122 2155 1193 2192; x_wconf 80' lang='lat' dir='ltr'><strong>sne</strong></span> 
     </span>
    </p>
   </div>
   <div class='ocr_carea' id='block_1_5' title="bbox 81 2217 1284 2282">
    <p class='ocr_par' dir='ltr' id='par_1_5' title="bbox 81 2217 1284 2282">
     <span class='ocr_line' id='line_1_20' title="bbox 81 2217 1284 2282; baseline 0.004 -17"><span class='ocrx_word' id='word_1_168' title='bbox 81 2217 168 2266; x_wconf 83' lang='lat' dir='ltr'><strong>‘tem</strong></span> <span class='ocrx_word' id='word_1_169' title='bbox 192 2219 230 2266; x_wconf 85' lang='lat' dir='ltr'><strong>Eu</strong></span> <span class='ocrx_word' id='word_1_170' title='bbox 242 2233 270 2266; x_wconf 88' lang='lat' dir='ltr'><strong>re</strong></span> <span class='ocrx_word' id='word_1_171' title='bbox 282 2218 473 2282; x_wconf 83' lang='lat' dir='ltr'><strong>commiserunt,</strong></span> <span class='ocrx_word' id='word_1_172' title='bbox 484 2234 535 2268; x_wconf 89' lang='lat' dir='ltr'><strong>non</strong></span> <span class='ocrx_word' id='word_1_173' title='bbox 545 2221 620 2270; x_wconf 78' lang='lat' dir='ltr'><strong>niodo</strong></span> <span class='ocrx_word' id='word_1_174' title='bbox 660 2219 784 2282; x_wconf 86' lang='lat' dir='ltr'><strong>‘scriptis</strong></span> <span class='ocrx_word' id='word_1_175' title='bbox 804 2217 934 2282; x_wconf 76' lang='lat' dir='ltr'><strong>editisque</strong></span> <span class='ocrx_word' id='word_1_176' title='bbox 953 2217 1028 2268; x_wconf 87' lang='lat' dir='ltr'><strong>libris</strong></span> <span class='ocrx_word' id='word_1_177' title='bbox 1047 2217 1081 2266; x_wconf 91' lang='lat' dir='ltr'><strong>ab</strong></span> <span class='ocrx_word' id='word_1_178' title='bbox 1100 2217 1194 2270; x_wconf 83' lang='lat' dir='ltr'><strong>idoneo</strong></span> <span class='ocrx_word' id='word_1_179' title='bbox 1280 2242 1284 2249; x_wconf 93' lang='lat'>·</span> 
     </span>
    </p>
   </div>
   <div class='ocr_carea' id='block_1_6' title="bbox 82 2291 1196 4259">
    <p class='ocr_par' dir='ltr' id='par_1_6' title="bbox 82 2291 1195 2662">
     <span class='ocr_line' id='line_1_21' title="bbox 83 2291 1195 2358; baseline 0.002 -18"><span class='ocrx_word' id='word_1_180' title='bbox 83 2292 136 2342; x_wconf 87' lang='lat' dir='ltr'><strong>‘nt</strong></span> <span class='ocrx_word' id='word_1_181' title='bbox 147 2291 225 2340; x_wconf 88' lang='lat' dir='ltr'><strong>iidem</strong></span> <span class='ocrx_word' id='word_1_182' title='bbox 234 2291 293 2340; x_wconf 90' lang='lat' dir='ltr'><strong>libri</strong></span> <span class='ocrx_word' id='word_1_183' title='bbox 306 2293 455 2342; x_wconf 86' lang='lat' dir='ltr'><strong>consulendi</strong></span> <span class='ocrx_word' id='word_1_184' title='bbox 467 2301 553 2344; x_wconf 84' lang='lat' dir='ltr'><strong>essent</strong></span> <span class='ocrx_word' id='word_1_185' title='bbox 569 2293 618 2358; x_wconf 83' lang='lat' dir='ltr'><strong>hie,</strong></span> <span class='ocrx_word' id='word_1_186' title='bbox 659 2295 786 2342; x_wconf 83' lang='lat' dir='ltr'><strong>‘auctore</strong></span> <span class='ocrx_word' id='word_1_187' title='bbox 805 2294 971 2344; x_wconf 79' lang='lat' dir='ltr'><strong>emendatus:</strong></span> <span class='ocrx_word' id='word_1_188' title='bbox 990 2293 1083 2358; x_wconf 88' lang='lat' dir='ltr'><strong>quibus</strong></span> <span class='ocrx_word' id='word_1_189' title='bbox 1095 2292 1195 2355; x_wconf 72' lang='lat' dir='ltr'><strong>ignoru-</strong></span> 
     </span>
     <span class='ocr_line' id='line_1_22' title="bbox 82 2366 1194 2434; baseline 0.003 -19"><span class='ocrx_word' id='word_1_190' title='bbox 82 2366 91 2394; x_wconf 88' lang='lat'>‘</span> <span class='ocrx_word' id='word_1_191' title='bbox 105 2367 149 2432; x_wconf 90' lang='lat' dir='ltr'><strong>qul</strong></span> <span class='ocrx_word' id='word_1_192' title='bbox 162 2373 221 2431; x_wconf 83' lang='lat' dir='ltr'><strong>pust</strong></span> <span class='ocrx_word' id='word_1_193' title='bbox 234 2383 277 2416; x_wconf 84' lang='lat' dir='ltr'><strong>eos</strong></span> <span class='ocrx_word' id='word_1_194' title='bbox 288 2367 320 2417; x_wconf 84' lang='lat' dir='ltr'><strong>ad</strong></span> <span class='ocrx_word' id='word_1_195' title='bbox 334 2367 502 2418; x_wconf 81' lang='lat' dir='ltr'><strong>recensendos</strong></span> <span class='ocrx_word' id='word_1_196' title='bbox 514 2369 618 2420; x_wconf 87' lang='lat' dir='ltr'><strong>eosdem</strong></span> <span class='ocrx_word' id='word_1_197' title='bbox 661 2373 668 2398; x_wconf 92' lang='lat'>‘</span> <span class='ocrx_word' id='word_1_198' title='bbox 682 2370 725 2434; x_wconf 80' lang='lat' dir='ltr'><strong>tis,</strong></span> <span class='ocrx_word' id='word_1_199' title='bbox 742 2369 805 2418; x_wconf 87' lang='lat' dir='ltr'><strong>nibil</strong></span> <span class='ocrx_word' id='word_1_200' title='bbox 822 2370 966 2419; x_wconf 84' lang='lat' dir='ltr'><strong>editionum</strong></span> <span class='ocrx_word' id='word_1_201' title='bbox 984 2368 1090 2428; x_wconf 74' lang='lat' dir='ltr'><strong>notitia,</strong></span> <span class='ocrx_word' id='word_1_202' title='bbox 1107 2381 1194 2432; x_wconf 86' lang='lat' dir='ltr'><strong>neque</strong></span> 
     </span>
     <span class='ocr_line' id='line_1_23' title="bbox 84 2441 1194 2511; baseline 0 -19"><span class='ocrx_word' id='word_1_203' title='bbox 84 2443 246 2507; x_wconf 82' lang='lat' dir='ltr'><strong>‘scriptores</strong></span> <span class='ocrx_word' id='word_1_204' title='bbox 257 2443 422 2506; x_wconf 82' lang='lat' dir='ltr'><strong>accederent,</strong></span> <span class='ocrx_word' id='word_1_205' title='bbox 434 2446 455 2494; x_wconf 86' lang='lat' dir='ltr'><strong>si</strong></span> <span class='ocrx_word' id='word_1_206' title='bbox 469 2446 529 2511; x_wconf 87' lang='lat' dir='ltr'><strong>quid</strong></span> <span class='ocrx_word' id='word_1_207' title='bbox 541 2445 619 2496; x_wconf 81' lang='lat' dir='ltr'><strong>ulicu-</strong></span> <span class='ocrx_word' id='word_1_208' title='bbox 659 2443 714 2494; x_wconf 86' lang='lat' dir='ltr'><strong>‘ud</strong></span> <span class='ocrx_word' id='word_1_209' title='bbox 733 2444 862 2492; x_wconf 88' lang='lat' dir='ltr'><strong>delectum</strong></span> <span class='ocrx_word' id='word_1_210' title='bbox 883 2444 909 2490; x_wconf 88' lang='lat' dir='ltr'><strong>iu</strong></span> <span class='ocrx_word' id='word_1_211' title='bbox 920 2441 1040 2505; x_wconf 85' lang='lat' dir='ltr'><strong>emendo,</strong></span> <span class='ocrx_word' id='word_1_212' title='bbox 1057 2457 1141 2506; x_wconf 85' lang='lat' dir='ltr'><strong>neque</strong></span> <span class='ocrx_word' id='word_1_213' title='bbox 1159 2441 1194 2492; x_wconf 81' lang='lat' dir='ltr'><strong>sd</strong></span> 
     </span>
     <span class='ocr_line' id='line_1_24' title="bbox 83 2516 1195 2584; baseline 0 -16"><span class='ocrx_word' id='word_1_214' title='bbox 83 2519 131 2568; x_wconf 90' lang='lat' dir='ltr'><strong>‘bi</strong></span> <span class='ocrx_word' id='word_1_215' title='bbox 152 2519 209 2568; x_wconf 83' lang='lat' dir='ltr'><strong>vitii</strong></span> <span class='ocrx_word' id='word_1_216' title='bbox 230 2519 457 2584; x_wconf 83' lang='lat' dir='ltr'><strong>subodorarentur,</strong></span> <span class='ocrx_word' id='word_1_217' title='bbox 473 2519 519 2570; x_wconf 86' lang='lat' dir='ltr'><strong>sed</strong></span> <span class='ocrx_word' id='word_1_218' title='bbox 539 2524 620 2570; x_wconf 83' lang='lat' dir='ltr'><strong>mults</strong></span> <span class='ocrx_word' id='word_1_219' title='bbox 660 2520 756 2569; x_wconf 84' lang='lat' dir='ltr'><strong>‘usum</strong></span> <span class='ocrx_word' id='word_1_220' title='bbox 769 2521 796 2570; x_wconf 91' lang='lat' dir='ltr'><strong>iu</strong></span> <span class='ocrx_word' id='word_1_221' title='bbox 807 2516 970 2568; x_wconf 80' lang='lat' dir='ltr'><strong>emendando</strong></span> <span class='ocrx_word' id='word_1_222' title='bbox 986 2516 1195 2582; x_wconf 79' lang='lat' dir='ltr'><strong>interpretando·</strong></span> 
     </span>
     <span class='ocr_line' id='line_1_25' title="bbox 84 2595 991 2662; baseline 0 -18"><span class='ocrx_word' id='word_1_223' title='bbox 84 2596 95 2625; x_wconf 81' lang='lat'>‘</span> <span class='ocrx_word' id='word_1_224' title='bbox 108 2595 185 2644; x_wconf 83' lang='lat' dir='ltr'><strong>etium</strong></span> <span class='ocrx_word' id='word_1_225' title='bbox 198 2595 297 2644; x_wconf 86' lang='lat' dir='ltr'><strong>intacta</strong></span> <span class='ocrx_word' id='word_1_226' title='bbox 308 2595 358 2660; x_wconf 87' lang='lat' dir='ltr'><strong>ipsi</strong></span> <span class='ocrx_word' id='word_1_227' title='bbox 370 2597 553 2662; x_wconf 87' lang='lat' dir='ltr'><strong>relinquerent,</strong></span> <span class='ocrx_word' id='word_1_228' title='bbox 564 2612 620 2662; x_wconf 67' lang='lat' dir='ltr'><strong>qum</strong></span> <span class='ocrx_word' id='word_1_229' title='bbox 660 2595 668 2622; x_wconf 83' lang='lat'>‘</span> <span class='ocrx_word' id='word_1_230' title='bbox 680 2609 740 2660; x_wconf 84' lang='lat' dir='ltr'><strong>que,</strong></span> <span class='ocrx_word' id='word_1_231' title='bbox 751 2595 873 2658; x_wconf 80' lang='lat' dir='ltr'><strong>prodesse</strong></span> <span class='ocrx_word' id='word_1_232' title='bbox 884 2597 991 2658; x_wconf 73' lang='lat' dir='ltr'><strong>potest-⁹</strong></span> 
     </span>
    </p>

    <p class='ocr_par' dir='ltr' id='par_1_7' title="bbox 83 2668 1196 4259">
     <span class='ocr_line' id='line_1_26' title="bbox 84 2668 1192 2735; baseline 0.001 -15"><span class='ocrx_word' id='word_1_233' title='bbox 84 2671 139 2720; x_wconf 83' lang='lat' dir='ltr'><strong>‘ex</strong></span> <span class='ocrx_word' id='word_1_234' title='bbox 152 2671 240 2720; x_wconf 78' lang='lat' dir='ltr'><strong>iisdem</strong></span> <span class='ocrx_word' id='word_1_235' title='bbox 252 2671 324 2720; x_wconf 86' lang='lat' dir='ltr'><strong>libris</strong></span> <span class='ocrx_word' id='word_1_236' title='bbox 340 2677 462 2735; x_wconf 87' lang='lat' dir='ltr'><strong>poteraut</strong></span> <span class='ocrx_word' id='word_1_237' title='bbox 481 2672 620 2722; x_wconf 83' lang='lat' dir='ltr'><strong>emendari.</strong></span> <span class='ocrx_word' id='word_1_238' title='bbox 693 2673 709 2718; x_wconf 78' lang='lat'>2</span> <span class='ocrx_word' id='word_1_239' title='bbox 726 2670 813 2732; x_wconf 73' lang='lat' dir='ltr'><strong>Digna</strong></span> <span class='ocrx_word' id='word_1_240' title='bbox 834 2674 904 2731; x_wconf 84' lang='lat' dir='ltr'><strong>sunt,</strong></span> <span class='ocrx_word' id='word_1_241' title='bbox 924 2683 981 2733; x_wconf 71' lang='lat' dir='ltr'><strong>que</strong></span> <span class='ocrx_word' id='word_1_242' title='bbox 998 2668 1050 2718; x_wconf 84' lang='lat' dir='ltr'><strong>buo</strong></span> <span class='ocrx_word' id='word_1_243' title='bbox 1069 2669 1192 2720; x_wconf 79' lang='lat' dir='ltr'><strong>transcri-</strong></span> 
     </span>
     <span class='ocr_line' id='line_1_27' title="bbox 85 2744 1195 2812; baseline 0.002 -16"><span class='ocrx_word' id='word_1_244' title='bbox 85 2747 212 2796; x_wconf 87' lang='lat' dir='ltr'><strong>‘Etenim</strong></span> <span class='ocrx_word' id='word_1_245' title='bbox 237 2761 312 2796; x_wconf 89' lang='lat' dir='ltr'><strong>nemo</strong></span> <span class='ocrx_word' id='word_1_246' title='bbox 337 2753 378 2796; x_wconf 86' lang='lat' dir='ltr'><strong>est</strong></span> <span class='ocrx_word' id='word_1_247' title='bbox 397 2748 435 2796; x_wconf 89' lang='lat' dir='ltr'><strong>ita</strong></span> <span class='ocrx_word' id='word_1_248' title='bbox 454 2748 570 2812; x_wconf 80' lang='lat' dir='ltr'><strong>lynceus,</strong></span> <span class='ocrx_word' id='word_1_249' title='bbox 591 2754 621 2797; x_wconf 92' lang='lat' dir='ltr'><strong>nt</strong></span> <span class='ocrx_word' id='word_1_250' title='bbox 661 2744 1195 2810; x_wconf 72' lang='lat' dir='ltr'><strong>banturverusIltwotfltexrrotegsm.</strong></span> 
     </span>
     <span class='ocr_line' id='line_1_28' title="bbox 85 2820 1194 2886; baseline -0.001 -15"><span class='ocrx_word' id='word_1_251' title='bbox 85 2822 193 2871; x_wconf 85' lang='lat' dir='ltr'><strong>‘omnia</strong></span> <span class='ocrx_word' id='word_1_252' title='bbox 215 2821 335 2872; x_wconf 86' lang='lat' dir='ltr'><strong>lectionis</strong></span> <span class='ocrx_word' id='word_1_253' title='bbox 357 2823 466 2886; x_wconf 66' lang='lat' dir='ltr'><strong>vulgatae</strong></span> <span class='ocrx_word' id='word_1_254' title='bbox 490 2823 553 2872; x_wconf 84' lang='lat' dir='ltr'><strong>vitiu</strong></span> <span class='ocrx_word' id='word_1_255' title='bbox 575 2839 621 2872; x_wconf 88' lang='lat' dir='ltr'><strong>sua</strong></span> <span class='ocrx_word' id='word_1_256' title='bbox 660 2823 693 2874; x_wconf 79' lang='lat' dir='ltr'><strong>nd</strong></span> <span class='ocrx_word' id='word_1_257' title='bbox 711 2823 818 2872; x_wconf 90' lang='lat' dir='ltr'><strong>Homer.</strong></span> <span class='ocrx_word' id='word_1_258' title='bbox 834 2823 880 2886; x_wconf 67' lang='lat' dir='ltr'><strong>ll.</strong></span> <span class='ocrx_word' id='word_1_259' title='bbox 896 2820 905 2848; x_wconf 82' lang='lat'><em>⁴</em></span> <span class='ocrx_word' id='word_1_260' title='bbox 915 2820 997 2868; x_wconf 85' lang='lat' dir='ltr'><strong>Pauci</strong></span> <span class='ocrx_word' id='word_1_261' title='bbox 1012 2835 1134 2870; x_wconf 85' lang='lat' dir='ltr'><strong>uovarurn</strong></span> <span class='ocrx_word' id='word_1_262' title='bbox 1154 2834 1194 2870; x_wconf 85' lang='lat' dir='ltr'><strong>re-</strong></span> 
     </span>
     <span class='ocr_line' id='line_1_29' title="bbox 84 2895 1195 2964; baseline 0.001 -19"><span class='ocrx_word' id='word_1_263' title='bbox 84 2895 199 2960; x_wconf 86' lang='lat' dir='ltr'><strong>‘spoute</strong></span> <span class='ocrx_word' id='word_1_264' title='bbox 219 2896 317 2957; x_wconf 80' lang='lat' dir='ltr'><strong>videat,</strong></span> <span class='ocrx_word' id='word_1_265' title='bbox 343 2913 392 2948; x_wconf 88' lang='lat' dir='ltr'><strong>uec</strong></span> <span class='ocrx_word' id='word_1_266' title='bbox 419 2898 549 2950; x_wconf 86' lang='lat' dir='ltr'><strong>interdum</strong></span> <span class='ocrx_word' id='word_1_267' title='bbox 572 2915 619 2964; x_wconf 92' lang='lat' dir='ltr'><strong>pro</strong></span> <span class='ocrx_word' id='word_1_268' title='bbox 659 2899 829 2949; x_wconf 81' lang='lat' dir='ltr'><strong>‘censionem</strong></span> <span class='ocrx_word' id='word_1_269' title='bbox 850 2902 968 2946; x_wconf 76' lang='lat' dir='ltr'><strong>suctores</strong></span> <span class='ocrx_word' id='word_1_270' title='bbox 985 2896 1023 2944; x_wconf 85' lang='lat' dir='ltr'><strong>itu</strong></span> <span class='ocrx_word' id='word_1_271' title='bbox 1039 2903 1128 2960; x_wconf 72' lang='lat' dir='ltr'><strong>egunt,</strong></span> <span class='ocrx_word' id='word_1_272' title='bbox 1147 2899 1195 2947; x_wconf 80' lang='lat' dir='ltr'><strong>aut</strong></span> 
     </span>
     <span class='ocr_line' id='line_1_30' title="bbox 84 2971 1195 3039; baseline 0.001 -18"><span class='ocrx_word' id='word_1_273' title='bbox 84 2973 188 3022; x_wconf 84' lang='lat' dir='ltr'><strong>‘rectis</strong></span> <span class='ocrx_word' id='word_1_274' title='bbox 200 2973 305 3038; x_wconf 89' lang='lat' dir='ltr'><strong>probet,</strong></span> <span class='ocrx_word' id='word_1_275' title='bbox 316 2989 374 3038; x_wconf 82' lang='lat' dir='ltr'><strong>qum</strong></span> <span class='ocrx_word' id='word_1_276' title='bbox 387 2975 478 3025; x_wconf 81' lang='lat' dir='ltr'><strong>vitiosa</strong></span> <span class='ocrx_word' id='word_1_277' title='bbox 496 2977 557 3039; x_wconf 76' lang='lat' dir='ltr'><strong>siut,</strong></span> <span class='ocrx_word' id='word_1_278' title='bbox 575 2983 620 3026; x_wconf 91' lang='lat' dir='ltr'><strong>aut</strong></span> <span class='ocrx_word' id='word_1_279' title='bbox 659 2975 737 3024; x_wconf 87' lang='lat' dir='ltr'><strong>‘eam</strong></span> <span class='ocrx_word' id='word_1_280' title='bbox 752 2973 848 3024; x_wconf 85' lang='lat' dir='ltr'><strong>laboris</strong></span> <span class='ocrx_word' id='word_1_281' title='bbox 863 2972 1016 3036; x_wconf 84' lang='lat' dir='ltr'><strong>patientiam</strong></span> <span class='ocrx_word' id='word_1_282' title='bbox 1027 2971 1148 3038; x_wconf 80' lang='lat' dir='ltr'><strong>afferunt,</strong></span> <span class='ocrx_word' id='word_1_283' title='bbox 1164 2977 1195 3022; x_wconf 87' lang='lat' dir='ltr'><strong>ut</strong></span> 
     </span>
     <span class='ocr_line' id='line_1_31' title="bbox 85 3048 1195 3116; baseline 0.004 -20"><span class='ocrx_word' id='word_1_284' title='bbox 85 3049 93 3076; x_wconf 80' lang='lat'>⁴</span> <span class='ocrx_word' id='word_1_285' title='bbox 105 3050 179 3097; x_wconf 89' lang='lat' dir='ltr'><strong>relnt</strong></span> <span class='ocrx_word' id='word_1_286' title='bbox 188 3049 264 3113; x_wconf 80' lang='lat' dir='ltr'><strong>plana</strong></span> <span class='ocrx_word' id='word_1_287' title='bbox 273 3065 302 3099; x_wconf 84' lang='lat' dir='ltr'><strong>ac</strong></span> <span class='ocrx_word' id='word_1_288' title='bbox 312 3051 449 3116; x_wconf 81' lang='lat' dir='ltr'><strong>perspicua</strong></span> <span class='ocrx_word' id='word_1_289' title='bbox 457 3057 582 3114; x_wconf 86' lang='lat' dir='ltr'><strong>transeut,</strong></span> <span class='ocrx_word' id='word_1_290' title='bbox 593 3051 618 3100; x_wconf 91' lang='lat' dir='ltr'><strong>iu</strong></span> <span class='ocrx_word' id='word_1_291' title='bbox 660 3053 668 3080; x_wconf 89' lang='lat'>‘</span> <span class='ocrx_word' id='word_1_292' title='bbox 681 3067 714 3100; x_wconf 87' lang='lat' dir='ltr'><strong>ex</strong></span> <span class='ocrx_word' id='word_1_293' title='bbox 724 3051 788 3100; x_wconf 88' lang='lat' dir='ltr'><strong>locis</strong></span> <span class='ocrx_word' id='word_1_294' title='bbox 799 3051 860 3100; x_wconf 86' lang='lat' dir='ltr'><strong>satia</strong></span> <span class='ocrx_word' id='word_1_295' title='bbox 871 3063 942 3112; x_wconf 71' lang='lat' dir='ltr'><strong>saepe</strong></span> <span class='ocrx_word' id='word_1_296' title='bbox 955 3048 1096 3098; x_wconf 88' lang='lat' dir='ltr'><strong>reconditis</strong></span> <span class='ocrx_word' id='word_1_297' title='bbox 1107 3057 1134 3098; x_wconf 91' lang='lat' dir='ltr'><strong>et</strong></span> <span class='ocrx_word' id='word_1_298' title='bbox 1143 3049 1195 3100; x_wconf 81' lang='lat' dir='ltr'><strong>die·</strong></span> 
     </span>
     <span class='ocr_line' id='line_1_32' title="bbox 85 3121 1194 3192; baseline 0.001 -19"><span class='ocrx_word' id='word_1_299' title='bbox 85 3125 251 3192; x_wconf 82' lang='lat' dir='ltr'><strong>‘quibusalii</strong></span> <span class='ocrx_word' id='word_1_300' title='bbox 263 3133 306 3175; x_wconf 77' lang='lat' dir='ltr'><strong>nist</strong></span> <span class='ocrx_word' id='word_1_301' title='bbox 318 3127 531 3190; x_wconf 83' lang='lat' dir='ltr'><strong>purumeutnihil</strong></span> <span class='ocrx_word' id='word_1_302' title='bbox 544 3129 619 3177; x_wconf 88' lang='lat' dir='ltr'><strong>intel·</strong></span> <span class='ocrx_word' id='word_1_303' title='bbox 660 3126 788 3190; x_wconf 85' lang='lat' dir='ltr'><strong>‘parstts,</strong></span> <span class='ocrx_word' id='word_1_304' title='bbox 806 3126 832 3175; x_wconf 91' lang='lat' dir='ltr'><strong>in</strong></span> <span class='ocrx_word' id='word_1_305' title='bbox 849 3124 990 3190; x_wconf 87' lang='lat' dir='ltr'><strong>primisque</strong></span> <span class='ocrx_word' id='word_1_306' title='bbox 1009 3138 1043 3172; x_wconf 88' lang='lat' dir='ltr'><strong>ex</strong></span> <span class='ocrx_word' id='word_1_307' title='bbox 1062 3121 1194 3174; x_wconf 79' lang='lat' dir='ltr'><strong>veteribus</strong></span> 
     </span>
     <span class='ocr_line' id='line_1_33' title="bbox 85 3199 1193 3268; baseline -0.001 -17"><span class='ocrx_word' id='word_1_308' title='bbox 85 3203 198 3266; x_wconf 77' lang='lat' dir='ltr'><strong>‘ligent</strong></span> <span class='ocrx_word' id='word_1_309' title='bbox 215 3202 380 3252; x_wconf 78' lang='lat' dir='ltr'><strong>casaubonus</strong></span> <span class='ocrx_word' id='word_1_310' title='bbox 391 3203 495 3266; x_wconf 85' lang='lat' dir='ltr'><strong>quidem</strong></span> <span class='ocrx_word' id='word_1_311' title='bbox 503 3203 548 3268; x_wconf 91' lang='lat' dir='ltr'><strong>(ad</strong></span> <span class='ocrx_word' id='word_1_312' title='bbox 559 3203 619 3252; x_wconf 88' lang='lat' dir='ltr'><strong>Sue-</strong></span> <span class='ocrx_word' id='word_1_313' title='bbox 658 3201 667 3228; x_wconf 86' lang='lat'>‘</span> <span class='ocrx_word' id='word_1_314' title='bbox 679 3199 880 3264; x_wconf 80' lang='lat' dir='ltr'><strong>exemplaribus,</strong></span> <span class='ocrx_word' id='word_1_315' title='bbox 913 3213 1014 3250; x_wconf 88' lang='lat' dir='ltr'><strong>omnem</strong></span> <span class='ocrx_word' id='word_1_316' title='bbox 1039 3199 1193 3250; x_wconf 80' lang='lat' dir='ltr'><strong>varietatem</strong></span> 
     </span>
     <span class='ocr_line' id='line_1_34' title="bbox 86 3275 1193 3342; baseline 0 -16"><span class='ocrx_word' id='word_1_317' title='bbox 86 3275 218 3340; x_wconf 68' lang='lat' dir='ltr'><strong>‘toninmi</strong></span> <span class='ocrx_word' id='word_1_318' title='bbox 227 3275 366 3335; x_wconf 79' lang='lat' dir='ltr'><strong>fatebatur,</strong></span> <span class='ocrx_word' id='word_1_319' title='bbox 375 3277 422 3328; x_wconf 88' lang='lat' dir='ltr'><strong>ribi</strong></span> <span class='ocrx_word' id='word_1_320' title='bbox 431 3293 501 3342; x_wconf 71' lang='lat' dir='ltr'><strong>saepe</strong></span> <span class='ocrx_word' id='word_1_321' title='bbox 511 3278 618 3328; x_wconf 87' lang='lat' dir='ltr'><strong>accidis-</strong></span> <span class='ocrx_word' id='word_1_322' title='bbox 658 3277 797 3327; x_wconf 87' lang='lat' dir='ltr'><strong>‘lectionls</strong></span> <span class='ocrx_word' id='word_1_323' title='bbox 824 3275 988 3337; x_wconf 74' lang='lat' dir='ltr'><strong>contrairent,</strong></span> <span class='ocrx_word' id='word_1_324' title='bbox 1021 3289 1072 3341; x_wconf 87' lang='lat' dir='ltr'><strong>qua</strong></span> <span class='ocrx_word' id='word_1_325' title='bbox 1097 3275 1193 3326; x_wconf 82' lang='lat' dir='ltr'><strong>deiude</strong></span> 
     </span>
     <span class='ocr_line' id='line_1_35' title="bbox 86 3353 1196 3418; baseline -0.002 -15"><span class='ocrx_word' id='word_1_326' title='bbox 86 3353 94 3383; x_wconf 86' lang='lat'>‘</span> <span class='ocrx_word' id='word_1_327' title='bbox 107 3367 145 3416; x_wconf 85' lang='lat' dir='ltr'><strong>se,</strong></span> <span class='ocrx_word' id='word_1_328' title='bbox 157 3359 194 3413; x_wconf 89' lang='lat' dir='ltr'><strong>ut,</strong></span> <span class='ocrx_word' id='word_1_329' title='bbox 205 3367 261 3417; x_wconf 76' lang='lat' dir='ltr'><strong>quur</strong></span> <span class='ocrx_word' id='word_1_330' title='bbox 271 3353 412 3402; x_wconf 85' lang='lat' dir='ltr'><strong>clarissima</strong></span> <span class='ocrx_word' id='word_1_331' title='bbox 421 3358 547 3417; x_wconf 84' lang='lat' dir='ltr'><strong>putasset,</strong></span> <span class='ocrx_word' id='word_1_332' title='bbox 556 3353 580 3402; x_wconf 95' lang='lat' dir='ltr'><strong>in</strong></span> <span class='ocrx_word' id='word_1_333' title='bbox 588 3353 618 3402; x_wconf 88' lang='lat' dir='ltr'><strong>iis</strong></span> <span class='ocrx_word' id='word_1_334' title='bbox 657 3365 737 3404; x_wconf 72' lang='lat' dir='ltr'><strong>‘cum</strong></span> <span class='ocrx_word' id='word_1_335' title='bbox 760 3355 871 3418; x_wconf 72' lang='lat' dir='ltr'><strong>vulgetis</strong></span> <span class='ocrx_word' id='word_1_336' title='bbox 890 3359 1053 3418; x_wconf 78' lang='lat' dir='ltr'><strong>comparata,</strong></span> <span class='ocrx_word' id='word_1_337' title='bbox 1074 3359 1196 3403; x_wconf 78' lang='lat' dir='ltr'><strong>constan·</strong></span> 
     </span>
     <span class='ocr_line' id='line_1_36' title="bbox 83 3427 1194 3494; baseline 0.001 -17"><span class='ocrx_word' id='word_1_338' title='bbox 83 3427 222 3490; x_wconf 57' lang='lat' dir='ltr'><strong>‘haereret</strong></span> <span class='ocrx_word' id='word_1_339' title='bbox 232 3443 290 3476; x_wconf 90' lang='lat' dir='ltr'><strong>cnm</strong></span> <span class='ocrx_word' id='word_1_340' title='bbox 302 3429 379 3490; x_wconf 83' lang='lat' dir='ltr'><strong>plana</strong></span> <span class='ocrx_word' id='word_1_341' title='bbox 390 3435 417 3478; x_wconf 88' lang='lat' dir='ltr'><strong>et</strong></span> <span class='ocrx_word' id='word_1_342' title='bbox 427 3430 563 3494; x_wconf 81' lang='lat' dir='ltr'><strong>perspicua</strong></span> <span class='ocrx_word' id='word_1_343' title='bbox 575 3445 617 3479; x_wconf 88' lang='lat' dir='ltr'><strong>eu·</strong></span> <span class='ocrx_word' id='word_1_344' title='bbox 659 3431 732 3480; x_wconf 88' lang='lat' dir='ltr'><strong>‘tem</strong></span> <span class='ocrx_word' id='word_1_345' title='bbox 759 3428 964 3480; x_wconf 78' lang='lat' dir='ltr'><strong>emendationem</strong></span> <span class='ocrx_word' id='word_1_346' title='bbox 997 3428 1194 3492; x_wconf 75' lang='lat' dir='ltr'><strong>aggrediantur.</strong></span> 
     </span>
     <span class='ocr_line' id='line_1_37' title="bbox 85 3503 1194 3568; baseline 0.001 -15"><span class='ocrx_word' id='word_1_347' title='bbox 85 3505 159 3553; x_wconf 87' lang='lat' dir='ltr'><strong>‘rum</strong></span> <span class='ocrx_word' id='word_1_348' title='bbox 175 3505 358 3568; x_wconf 83' lang='lat' dir='ltr'><strong>interpretatio</strong></span> <span class='ocrx_word' id='word_1_349' title='bbox 378 3511 520 3566; x_wconf 87' lang='lat' dir='ltr'><strong>peteretur.</strong></span> <span class='ocrx_word' id='word_1_350' title='bbox 553 3505 618 3554; x_wconf 87' lang='lat' dir='ltr'><strong>lude</strong></span> <span class='ocrx_word' id='word_1_351' title='bbox 658 3506 762 3556; x_wconf 88' lang='lat' dir='ltr'><strong>‘Immo</strong></span> <span class='ocrx_word' id='word_1_352' title='bbox 775 3504 918 3554; x_wconf 89' lang='lat' dir='ltr'><strong>consistunt</strong></span> <span class='ocrx_word' id='word_1_353' title='bbox 935 3503 991 3554; x_wconf 79' lang='lat' dir='ltr'><strong>iere</strong></span> <span class='ocrx_word' id='word_1_354' title='bbox 1008 3511 1064 3554; x_wconf 88' lang='lat' dir='ltr'><strong>tum</strong></span> <span class='ocrx_word' id='word_1_355' title='bbox 1081 3503 1194 3567; x_wconf 83' lang='lat' dir='ltr'><strong>demum,</strong></span> 
     </span>
     <span class='ocr_line' id='line_1_38' title="bbox 83 3577 1194 3645; baseline -0.002 -15"><span class='ocrx_word' id='word_1_356' title='bbox 83 3581 92 3610; x_wconf 85' lang='lat'>‘</span> <span class='ocrx_word' id='word_1_357' title='bbox 105 3580 185 3630; x_wconf 85' lang='lat' dir='ltr'><strong>etism</strong></span> <span class='ocrx_word' id='word_1_358' title='bbox 196 3579 236 3642; x_wconf 83' lang='lat' dir='ltr'><strong>fit,</strong></span> <span class='ocrx_word' id='word_1_359' title='bbox 251 3585 281 3628; x_wconf 91' lang='lat' dir='ltr'><strong>nt</strong></span> <span class='ocrx_word' id='word_1_360' title='bbox 291 3577 400 3628; x_wconf 90' lang='lat' dir='ltr'><strong>subinde</strong></span> <span class='ocrx_word' id='word_1_361' title='bbox 413 3579 459 3628; x_wconf 85' lang='lat' dir='ltr'><strong>viri</strong></span> <span class='ocrx_word' id='word_1_362' title='bbox 472 3580 552 3642; x_wconf 86' lang='lat' dir='ltr'><strong>docti,</strong></span> <span class='ocrx_word' id='word_1_363' title='bbox 564 3588 619 3643; x_wconf 86' lang='lat' dir='ltr'><strong>aut,</strong></span> <span class='ocrx_word' id='word_1_364' title='bbox 659 3583 667 3610; x_wconf 88' lang='lat'>‘</span> <span class='ocrx_word' id='word_1_365' title='bbox 680 3582 724 3630; x_wconf 90' lang='lat' dir='ltr'><strong>ubi</strong></span> <span class='ocrx_word' id='word_1_366' title='bbox 732 3581 881 3645; x_wconf 87' lang='lat' dir='ltr'><strong>impeditior</strong></span> <span class='ocrx_word' id='word_1_367' title='bbox 890 3593 979 3629; x_wconf 88' lang='lat' dir='ltr'><strong>sensus</strong></span> <span class='ocrx_word' id='word_1_368' title='bbox 987 3581 1029 3629; x_wconf 85' lang='lat' dir='ltr'><strong>vet</strong></span> <span class='ocrx_word' id='word_1_369' title='bbox 1039 3581 1096 3642; x_wconf 85' lang='lat' dir='ltr'><strong>ipss</strong></span> <span class='ocrx_word' id='word_1_370' title='bbox 1103 3579 1194 3642; x_wconf 84' lang='lat' dir='ltr'><strong>specie</strong></span> 
     </span>
     <span class='ocr_line' id='line_1_39' title="bbox 84 3652 1191 3719; baseline -0.002 -15"><span class='ocrx_word' id='word_1_371' title='bbox 84 3655 93 3684; x_wconf 75' lang='lat'><em>⁶</em></span> <span class='ocrx_word' id='word_1_372' title='bbox 105 3655 168 3704; x_wconf 80' lang='lat' dir='ltr'><strong>uitio</strong></span> <span class='ocrx_word' id='word_1_373' title='bbox 180 3655 298 3704; x_wconf 85' lang='lat' dir='ltr'><strong>lectionis</strong></span> <span class='ocrx_word' id='word_1_374' title='bbox 317 3653 503 3718; x_wconf 85' lang='lat' dir='ltr'><strong>animadverso,</strong></span> <span class='ocrx_word' id='word_1_375' title='bbox 518 3656 618 3719; x_wconf 89' lang='lat' dir='ltr'><strong>conjec-</strong></span> <span class='ocrx_word' id='word_1_376' title='bbox 658 3653 838 3704; x_wconf 77' lang='lat' dir='ltr'><strong>‘manifestum</strong></span> <span class='ocrx_word' id='word_1_377' title='bbox 848 3655 938 3704; x_wconf 85' lang='lat' dir='ltr'><strong>vitium</strong></span> <span class='ocrx_word' id='word_1_378' title='bbox 949 3654 1071 3716; x_wconf 88' lang='lat' dir='ltr'><strong>objicitur</strong></span> <span class='ocrx_word' id='word_1_379' title='bbox 1080 3653 1148 3714; x_wconf 87' lang='lat' dir='ltr'><strong>;jam</strong></span> <span class='ocrx_word' id='word_1_380' title='bbox 1158 3652 1191 3702; x_wconf 81' lang='lat' dir='ltr'><strong>sd</strong></span> 
     </span>
     <span class='ocr_line' id='line_1_40' title="bbox 84 3731 1193 3795; baseline -0.001 -16"><span class='ocrx_word' id='word_1_381' title='bbox 84 3732 93 3760; x_wconf 87' lang='lat'>⁸</span> <span class='ocrx_word' id='word_1_382' title='bbox 106 3731 170 3780; x_wconf 82' lang='lat' dir='ltr'><strong>turis</strong></span> <span class='ocrx_word' id='word_1_383' title='bbox 183 3737 369 3792; x_wconf 66' lang='lat' dir='ltr'><strong>memmerunt,</strong></span> <span class='ocrx_word' id='word_1_384' title='bbox 382 3738 427 3780; x_wconf 86' lang='lat' dir='ltr'><strong>aut</strong></span> <span class='ocrx_word' id='word_1_385' title='bbox 439 3731 571 3795; x_wconf 84' lang='lat' dir='ltr'><strong>explicare</strong></span> <span class='ocrx_word' id='word_1_386' title='bbox 584 3733 618 3780; x_wconf 83' lang='lat' dir='ltr'><strong>lu·</strong></span> <span class='ocrx_word' id='word_1_387' title='bbox 659 3735 666 3761; x_wconf 78' lang='lat'><strong><em>⁴</em></strong></span> <span class='ocrx_word' id='word_1_388' title='bbox 682 3732 901 3782; x_wconf 83' lang='lat' dir='ltr'><strong>variaslectiones</strong></span> <span class='ocrx_word' id='word_1_389' title='bbox 913 3731 1003 3780; x_wconf 83' lang='lat' dir='ltr'><strong>autad</strong></span> <span class='ocrx_word' id='word_1_390' title='bbox 1020 3736 1095 3779; x_wconf 83' lang='lat' dir='ltr'><strong>vetus</strong></span> <span class='ocrx_word' id='word_1_391' title='bbox 1107 3741 1193 3778; x_wconf 80' lang='lat' dir='ltr'><strong>exem·</strong></span> 
     </span>
     <span class='ocr_line' id='line_1_41' title="bbox 86 3803 1193 3872; baseline -0.004 -15"><span class='ocrx_word' id='word_1_392' title='bbox 86 3805 209 3870; x_wconf 86' lang='lat' dir='ltr'><strong>‘boreut‚</strong></span> <span class='ocrx_word' id='word_1_393' title='bbox 233 3805 302 3872; x_wconf 86' lang='lat' dir='ltr'><strong>quod</strong></span> <span class='ocrx_word' id='word_1_394' title='bbox 324 3807 441 3856; x_wconf 77' lang='lat' dir='ltr'><strong>vitiosum</strong></span> <span class='ocrx_word' id='word_1_395' title='bbox 463 3812 523 3866; x_wconf 84' lang='lat' dir='ltr'><strong>est;</strong></span> <span class='ocrx_word' id='word_1_396' title='bbox 559 3806 620 3855; x_wconf 87' lang='lat' dir='ltr'><strong>nihil</strong></span> <span class='ocrx_word' id='word_1_397' title='bbox 661 3807 739 3872; x_wconf 85' lang='lat' dir='ltr'><strong>‘plur</strong></span> <span class='ocrx_word' id='word_1_398' title='bbox 759 3806 923 3870; x_wconf 75' lang='lat' dir='ltr'><strong>confugiunt,</strong></span> <span class='ocrx_word' id='word_1_399' title='bbox 943 3805 1021 3854; x_wconf 78' lang='lat' dir='ltr'><strong>surde</strong></span> <span class='ocrx_word' id='word_1_400' title='bbox 1042 3803 1193 3868; x_wconf 85' lang='lat' dir='ltr'><strong>plerumque</strong></span> 
     </span>
     <span class='ocr_line' id='line_1_42' title="bbox 87 3880 1195 3948; baseline 0.001 -17"><span class='ocrx_word' id='word_1_401' title='bbox 87 3881 261 3944; x_wconf 64' lang='lat' dir='ltr'><strong>‘laboratum</strong></span> <span class='ocrx_word' id='word_1_402' title='bbox 301 3881 323 3930; x_wconf 90' lang='lat' dir='ltr'><strong>si</strong></span> <span class='ocrx_word' id='word_1_403' title='bbox 354 3881 478 3931; x_wconf 89' lang='lat' dir='ltr'><strong>librorum</strong></span> <span class='ocrx_word' id='word_1_404' title='bbox 504 3887 621 3932; x_wconf 78' lang='lat' dir='ltr'><strong>veterum</strong></span> <span class='ocrx_word' id='word_1_405' title='bbox 660 3884 794 3948; x_wconf 86' lang='lat' dir='ltr'><strong>‘oraculn,</strong></span> <span class='ocrx_word' id='word_1_406' title='bbox 812 3885 861 3932; x_wconf 89' lang='lat' dir='ltr'><strong>nisi</strong></span> <span class='ocrx_word' id='word_1_407' title='bbox 872 3888 1024 3932; x_wconf 73' lang='lat' dir='ltr'><strong>constanter</strong></span> <span class='ocrx_word' id='word_1_408' title='bbox 1038 3880 1195 3932; x_wconf 83' lang='lat' dir='ltr'><strong>consulenti·</strong></span> 
     </span>
     <span class='ocr_line' id='line_1_43' title="bbox 89 3955 1192 4024; baseline 0.002 -18"><span class='ocrx_word' id='word_1_409' title='bbox 89 3957 233 4006; x_wconf 84' lang='lat' dir='ltr'><strong>‘lectiones</strong></span> <span class='ocrx_word' id='word_1_410' title='bbox 254 3971 342 4005; x_wconf 85' lang='lat' dir='ltr'><strong>onmes</strong></span> <span class='ocrx_word' id='word_1_411' title='bbox 365 3963 466 4006; x_wconf 77' lang='lat' dir='ltr'><strong>notatus</strong></span> <span class='ocrx_word' id='word_1_412' title='bbox 495 3957 621 4007; x_wconf 86' lang='lat' dir='ltr'><strong>haberent</strong></span> <span class='ocrx_word' id='word_1_413' title='bbox 661 3959 736 4010; x_wconf 69' lang='lat' dir='ltr'><strong>‘buu</strong></span> <span class='ocrx_word' id='word_1_414' title='bbox 770 3959 864 4024; x_wconf 84' lang='lat' dir='ltr'><strong>Neque</strong></span> <span class='ocrx_word' id='word_1_415' title='bbox 883 3957 992 4006; x_wconf 86' lang='lat' dir='ltr'><strong>multum</strong></span> <span class='ocrx_word' id='word_1_416' title='bbox 1009 3955 1112 4005; x_wconf 79' lang='lat' dir='ltr'><strong>diversa</strong></span> <span class='ocrx_word' id='word_1_417' title='bbox 1125 3957 1192 4008; x_wconf 81' lang='lat' dir='ltr'><strong>ratio</strong></span> 
     </span>
     <span class='ocr_line' id='line_1_44' title="bbox 89 4029 1193 4098; baseline 0.001 -17"><span class='ocrx_word' id='word_1_418' title='bbox 89 4032 139 4082; x_wconf 82' lang='lat' dir='ltr'><strong>‘nb</strong></span> <span class='ocrx_word' id='word_1_419' title='bbox 149 4031 189 4096; x_wconf 84' lang='lat' dir='ltr'><strong>iis,</strong></span> <span class='ocrx_word' id='word_1_420' title='bbox 200 4031 295 4098; x_wconf 89' lang='lat' dir='ltr'><strong>quibus</strong></span> <span class='ocrx_word' id='word_1_421' title='bbox 304 4045 391 4082; x_wconf 86' lang='lat' dir='ltr'><strong>eorum</strong></span> <span class='ocrx_word' id='word_1_422' title='bbox 401 4029 510 4080; x_wconf 80' lang='lat' dir='ltr'><strong>incultas</strong></span> <span class='ocrx_word' id='word_1_423' title='bbox 520 4031 619 4081; x_wconf 83' lang='lat' dir='ltr'><strong>inisset.</strong></span> <span class='ocrx_word' id='word_1_424' title='bbox 660 4035 722 4084; x_wconf 81' lang='lat' dir='ltr'><strong>‘est</strong></span> <span class='ocrx_word' id='word_1_425' title='bbox 741 4049 838 4096; x_wconf 87' lang='lat' dir='ltr'><strong>eornm,</strong></span> <span class='ocrx_word' id='word_1_426' title='bbox 854 4033 909 4098; x_wconf 89' lang='lat' dir='ltr'><strong>qui,</strong></span> <span class='ocrx_word' id='word_1_427' title='bbox 929 4031 1090 4095; x_wconf 67' lang='lat' dir='ltr'><strong>quantumvis</strong></span> <span class='ocrx_word' id='word_1_428' title='bbox 1113 4031 1193 4082; x_wconf 84' lang='lat' dir='ltr'><strong>iuter·</strong></span> 
     </span>
     <span class='ocr_line' id='line_1_45' title="bbox 89 4106 1194 4176; baseline -0.005 -16"><span class='ocrx_word' id='word_1_429' title='bbox 89 4109 199 4176; x_wconf 84' lang='lat' dir='ltr'><strong>‘ltaque</strong></span> <span class='ocrx_word' id='word_1_430' title='bbox 216 4111 318 4160; x_wconf 82' lang='lat' dir='ltr'><strong>utiliter</strong></span> <span class='ocrx_word' id='word_1_431' title='bbox 334 4111 384 4161; x_wconf 86' lang='lat' dir='ltr'><strong>lroc</strong></span> <span class='ocrx_word' id='word_1_432' title='bbox 395 4109 540 4160; x_wconf 88' lang='lat' dir='ltr'><strong>institutum</strong></span> <span class='ocrx_word' id='word_1_433' title='bbox 553 4119 621 4160; x_wconf 84' lang='lat' dir='ltr'><strong>este</strong></span> <span class='ocrx_word' id='word_1_434' title='bbox 660 4111 668 4138; x_wconf 87' lang='lat'>‘</span> <span class='ocrx_word' id='word_1_435' title='bbox 681 4106 821 4158; x_wconf 88' lang='lat' dir='ltr'><strong>dumdocti</strong></span> <span class='ocrx_word' id='word_1_436' title='bbox 831 4107 987 4172; x_wconf 73' lang='lat' dir='ltr'><strong>retutemus,</strong></span> <span class='ocrx_word' id='word_1_437' title='bbox 998 4119 1194 4157; x_wconf 85' lang='lat' dir='ltr'><strong>omnememeu·</strong></span> 
     </span>
     <span class='ocr_line' id='line_1_46' title="bbox 89 4180 1192 4259; baseline -0.006 -21"><span class='ocrx_word' id='word_1_438' title='bbox 89 4185 296 4238; x_wconf 82' lang='lat' dir='ltr'><strong>‘recentioribus</strong></span> <span class='ocrx_word' id='word_1_439' title='bbox 308 4185 422 4254; x_wconf 78' lang='lat' dir='ltr'><strong>criticis,</strong></span> <span class='ocrx_word' id='word_1_440' title='bbox 444 4191 473 4236; x_wconf 88' lang='lat' dir='ltr'><strong>ut</strong></span> <span class='ocrx_word' id='word_1_441' title='bbox 491 4201 506 4236; x_wconf 90' lang='lat' dir='ltr'><strong>e</strong></span> <span class='ocrx_word' id='word_1_442' title='bbox 525 4186 619 4238; x_wconf 89' lang='lat' dir='ltr'><strong>codici·</strong></span> <span class='ocrx_word' id='word_1_443' title='bbox 660 4189 668 4252; x_wconf 62' lang='lat' dir='ltr'><strong>t</strong></span> <span class='ocrx_word' id='word_1_444' title='bbox 680 4183 811 4236; x_wconf 85' lang='lat' dir='ltr'><strong>dationem</strong></span> <span class='ocrx_word' id='word_1_445' title='bbox 821 4197 855 4234; x_wconf 79' lang='lat' dir='ltr'><strong>ex</strong></span> <span class='ocrx_word' id='word_1_446' title='bbox 872 4180 970 4259; x_wconf 78' lang='lat' dir='ltr'><strong>eliquat</strong></span> <span class='ocrx_word' id='word_1_447' title='bbox 988 4182 1113 4236; x_wconf 86' lang='lat' dir='ltr'><strong>librorum</strong></span> <span class='ocrx_word' id='word_1_448' title='bbox 1125 4182 1192 4239; x_wconf 80' lang='lat' dir='ltr'><strong>Mus.</strong></span> 
     </span>
    </p>
   </div>
   <div class='ocr_carea' id='block_1_7' title="bbox 0 0 1426 4792">
    <p class='ocr_par' dir='ltr' id='par_1_8' title="bbox 0 0 1426 4792">
     <span class='ocr_line' id='line_1_47' title="bbox 0 0 1426 4792; baseline 0 0"><span class='ocrx_word' id='word_1_449' title='bbox 0 0 1426 4792; x_wconf 95' lang='lat' dir='ltr'><strong> </strong></span> 
     </span>
    </p>
   </div>
  </div>
 </body>
</html>
