<?xml version="1.0" encoding="UTF-8"?>
<!DOCTYPE html PUBLIC "-//W3C//DTD XHTML 1.0 Transitional//EN"
    "http://www.w3.org/TR/xhtml1/DTD/xhtml1-transitional.dtd">
<html xmlns="http://www.w3.org/1999/xhtml" xml:lang="en" lang="en">
 <head>
  <title>
</title>
<meta http-equiv="Content-Type" content="text/html;charset=utf-8" />
  <meta name='ocr-system' content='tesseract 3.04.00' />
  <meta name='ocr-capabilities' content='ocr_page ocr_carea ocr_par ocr_line ocrx_word'/>
</head>
<body>
  <div class='ocr_page' id='page_1' title='image "./djuniijuvenalis04persgoog/djuniijuvenalis04persgoog_0030.png"; bbox 0 0 2817 4792; ppageno 0'>
   <div class='ocr_carea' id='block_1_1' title="bbox 114 267 856 344">
    <p class='ocr_par' dir='ltr' id='par_1_1' title="bbox 114 267 856 344">
     <span class='ocr_line' id='line_1_1' title="bbox 114 267 856 344; baseline -0.011 0"><span class='ocrx_word' id='word_1_1' title='bbox 114 337 117 344; x_wconf 79' lang='grc'>,</span> <span class='ocrx_word' id='word_1_2' title='bbox 201 267 245 340; x_wconf 85' lang='grc'><strong>16</strong></span> <span class='ocrx_word' id='word_1_3' title='bbox 647 283 856 338; x_wconf 75' lang='lat' dir='ltr'><strong>rasurum.</strong></span> 
     </span>
    </p>
   </div>
   <div class='ocr_carea' id='block_1_2' title="bbox 200 429 1319 1022">
    <p class='ocr_par' dir='ltr' id='par_1_2' title="bbox 200 429 1319 1022">
     <span class='ocr_line' id='line_1_2' title="bbox 201 429 1318 515; baseline 0.002 -17"><span class='ocrx_word' id='word_1_4' title='bbox 201 433 300 498; x_wconf 86' lang='lat' dir='ltr'><strong>etiam</strong></span> <span class='ocrx_word' id='word_1_5' title='bbox 329 444 452 508; x_wconf 90' lang='lat' dir='ltr'><strong>eorum,</strong></span> <span class='ocrx_word' id='word_1_6' title='bbox 476 429 535 515; x_wconf 89' lang='lat' dir='ltr'><strong>qui</strong></span> <span class='ocrx_word' id='word_1_7' title='bbox 564 431 689 515; x_wconf 89' lang='lat' dir='ltr'><strong>optime</strong></span> <span class='ocrx_word' id='word_1_8' title='bbox 710 429 753 494; x_wconf 89' lang='lat' dir='ltr'><strong>de</strong></span> <span class='ocrx_word' id='word_1_9' title='bbox 779 431 979 496; x_wconf 89' lang='lat' dir='ltr'><strong>recensendo</strong></span> <span class='ocrx_word' id='word_1_10' title='bbox 1010 431 1175 502; x_wconf 73' lang='lat' dir='ltr'><strong>iuvenale</strong></span> <span class='ocrx_word' id='word_1_11' title='bbox 1206 429 1318 500; x_wconf 84' lang='lat' dir='ltr'><strong>meriti</strong></span> 
     </span>
     <span class='ocr_line' id='line_1_3' title="bbox 200 529 1319 615; baseline 0 -15"><span class='ocrx_word' id='word_1_12' title='bbox 200 539 288 610; x_wconf 87' lang='lat' dir='ltr'><strong>sunt,</strong></span> <span class='ocrx_word' id='word_1_13' title='bbox 312 529 481 613; x_wconf 75' lang='lat' dir='ltr'><strong>Stephani,</strong></span> <span class='ocrx_word' id='word_1_14' title='bbox 513 530 701 610; x_wconf 91' lang='lat' dir='ltr'><strong>Pulmauni,</strong></span> <span class='ocrx_word' id='word_1_15' title='bbox 732 530 870 609; x_wconf 89' lang='lat' dir='ltr'><strong>Pitboei,</strong></span> <span class='ocrx_word' id='word_1_16' title='bbox 896 529 1047 615; x_wconf 82' lang='lat' dir='ltr'><strong>Rigaltii,</strong></span> <span class='ocrx_word' id='word_1_17' title='bbox 1066 535 1257 600; x_wconf 38' lang='lat' dir='ltr'><strong>‘Henninii</strong></span> <span class='ocrx_word' id='word_1_18' title='bbox 1288 539 1319 599; x_wconf 79' lang='lat' dir='ltr'><strong>a</strong></span> 
     </span>
     <span class='ocr_line' id='line_1_4' title="bbox 201 615 1316 717; baseline -0.001 -17"><span class='ocrx_word' id='word_1_19' title='bbox 201 634 377 712; x_wconf 87' lang='lat' dir='ltr'><strong>Maittarii,</strong></span> <span class='ocrx_word' id='word_1_20' title='bbox 404 635 436 696; x_wconf 92' lang='lat' dir='ltr'><strong>in</strong></span> <span class='ocrx_word' id='word_1_21' title='bbox 459 653 500 696; x_wconf 90' lang='lat' dir='ltr'><strong>eo</strong></span> <span class='ocrx_word' id='word_1_22' title='bbox 525 633 683 710; x_wconf 84' lang='lat' dir='ltr'><strong>substitit,</strong></span> <span class='ocrx_word' id='word_1_23' title='bbox 709 638 749 696; x_wconf 91' lang='lat' dir='ltr'><strong>ut</strong></span> <span class='ocrx_word' id='word_1_24' title='bbox 767 651 892 717; x_wconf 85' lang='lat' dir='ltr'><strong>paucas</strong></span> <span class='ocrx_word' id='word_1_25' title='bbox 918 615 1042 717; x_wconf 80' lang='lat' dir='ltr'><strong>easque</strong></span> <span class='ocrx_word' id='word_1_26' title='bbox 1069 635 1316 700; x_wconf 75' lang='lat' dir='ltr'><strong>memorabiles</strong></span> 
     </span>
     <span class='ocr_line' id='line_1_5' title="bbox 200 734 1317 820; baseline -0.001 -19"><span class='ocrx_word' id='word_1_27' title='bbox 200 736 358 801; x_wconf 88' lang='lat' dir='ltr'><strong>lectiones</strong></span> <span class='ocrx_word' id='word_1_28' title='bbox 383 735 510 816; x_wconf 89' lang='lat' dir='ltr'><strong>aliquot</strong></span> <span class='ocrx_word' id='word_1_29' title='bbox 530 734 697 810; x_wconf 86' lang='lat' dir='ltr'><strong>libromm,</strong></span> <span class='ocrx_word' id='word_1_30' title='bbox 721 735 843 817; x_wconf 87' lang='lat' dir='ltr'><strong>quibus</strong></span> <span class='ocrx_word' id='word_1_31' title='bbox 862 736 916 798; x_wconf 91' lang='lat' dir='ltr'><strong>usi</strong></span> <span class='ocrx_word' id='word_1_32' title='bbox 934 743 1056 813; x_wconf 81' lang='lat' dir='ltr'><strong>essent,</strong></span> <span class='ocrx_word' id='word_1_33' title='bbox 1077 741 1317 820; x_wconf 85' lang='lat' dir='ltr'><strong>excerperent,</strong></span> 
     </span>
     <span class='ocr_line' id='line_1_6' title="bbox 200 836 1319 920; baseline 0 -18"><span class='ocrx_word' id='word_1_34' title='bbox 200 837 327 919; x_wconf 87' lang='lat' dir='ltr'><strong>bosque</strong></span> <span class='ocrx_word' id='word_1_35' title='bbox 342 837 544 901; x_wconf 85' lang='lat' dir='ltr'><strong>nominarent</strong></span> <span class='ocrx_word' id='word_1_36' title='bbox 559 840 698 914; x_wconf 84' lang='lat' dir='ltr'><strong>tantum,</strong></span> <span class='ocrx_word' id='word_1_37' title='bbox 713 855 776 898; x_wconf 89' lang='lat' dir='ltr'><strong>nec</strong></span> <span class='ocrx_word' id='word_1_38' title='bbox 798 836 934 900; x_wconf 87' lang='lat' dir='ltr'><strong>ulterius</strong></span> <span class='ocrx_word' id='word_1_39' title='bbox 956 836 1203 920; x_wconf 78' lang='lat' dir='ltr'><strong>describerent3</strong></span> <span class='ocrx_word' id='word_1_40' title='bbox 1231 838 1319 902; x_wconf 86' lang='lat' dir='ltr'><strong>alio-</strong></span> 
     </span>
     <span class='ocr_line' id='line_1_7' title="bbox 200 935 1319 1022; baseline 0 -19"><span class='ocrx_word' id='word_1_41' title='bbox 200 959 272 1004; x_wconf 89' lang='lat' dir='ltr'><strong>rum</strong></span> <span class='ocrx_word' id='word_1_42' title='bbox 281 959 371 1016; x_wconf 86' lang='lat' dir='ltr'><strong>vero,</strong></span> <span class='ocrx_word' id='word_1_43' title='bbox 388 939 445 1022; x_wconf 94' lang='lat' dir='ltr'><strong>qui</strong></span> <span class='ocrx_word' id='word_1_44' title='bbox 461 937 627 1020; x_wconf 88' lang='lat' dir='ltr'><strong>pleniores</strong></span> <span class='ocrx_word' id='word_1_45' title='bbox 648 935 830 1001; x_wconf 87' lang='lat' dir='ltr'><strong>editionum</strong></span> <span class='ocrx_word' id='word_1_46' title='bbox 852 937 988 1001; x_wconf 79' lang='lat' dir='ltr'><strong>armales</strong></span> <span class='ocrx_word' id='word_1_47' title='bbox 1002 938 1144 1003; x_wconf 89' lang='lat' dir='ltr'><strong>condere</strong></span> <span class='ocrx_word' id='word_1_48' title='bbox 1158 937 1319 1021; x_wconf 77' lang='lat' dir='ltr'><strong>aggressi</strong></span> 
     </span>
    </p>
   </div>
   <div class='ocr_carea' id='block_1_3' title="bbox 201 1037 1379 4158">
    <p class='ocr_par' dir='ltr' id='par_1_3' title="bbox 201 1037 1379 2535">
     <span class='ocr_line' id='line_1_8' title="bbox 202 1037 1316 1125; baseline 0 -21"><span class='ocrx_word' id='word_1_49' title='bbox 202 1044 289 1118; x_wconf 91' lang='lat' dir='ltr'><strong>sunt,</strong></span> <span class='ocrx_word' id='word_1_50' title='bbox 303 1040 475 1116; x_wconf 89' lang='lat' dir='ltr'><strong>Maittarii,</strong></span> <span class='ocrx_word' id='word_1_51' title='bbox 489 1037 646 1116; x_wconf 84' lang='lat' dir='ltr'><strong>Fabricii,</strong></span> <span class='ocrx_word' id='word_1_52' title='bbox 659 1037 802 1116; x_wconf 88' lang='lat' dir='ltr'><strong>Ernesti,</strong></span> <span class='ocrx_word' id='word_1_53' title='bbox 817 1045 850 1102; x_wconf 90' lang='lat' dir='ltr'><strong>et</strong></span> <span class='ocrx_word' id='word_1_54' title='bbox 864 1039 1028 1104; x_wconf 89' lang='lat' dir='ltr'><strong>sodalium</strong></span> <span class='ocrx_word' id='word_1_55' title='bbox 1039 1041 1316 1125; x_wconf 88' lang='lat' dir='ltr'><strong>Bipontinorum,</strong></span> 
     </span>
     <span class='ocr_line' id='line_1_9' title="bbox 201 1141 1319 1224; baseline -0.002 -17"><span class='ocrx_word' id='word_1_56' title='bbox 201 1143 234 1207; x_wconf 89' lang='lat' dir='ltr'><strong>iu</strong></span> <span class='ocrx_word' id='word_1_57' title='bbox 256 1161 308 1221; x_wconf 90' lang='lat' dir='ltr'><strong>eo,</strong></span> <span class='ocrx_word' id='word_1_58' title='bbox 330 1149 367 1206; x_wconf 90' lang='lat' dir='ltr'><strong>ut</strong></span> <span class='ocrx_word' id='word_1_59' title='bbox 388 1142 479 1206; x_wconf 89' lang='lat' dir='ltr'><strong>solos</strong></span> <span class='ocrx_word' id='word_1_60' title='bbox 500 1161 613 1204; x_wconf 89' lang='lat' dir='ltr'><strong>earum</strong></span> <span class='ocrx_word' id='word_1_61' title='bbox 640 1141 766 1218; x_wconf 79' lang='lat' dir='ltr'><strong>tibulos,</strong></span> <span class='ocrx_word' id='word_1_62' title='bbox 792 1147 885 1204; x_wconf 90' lang='lat' dir='ltr'><strong>etue</strong></span> <span class='ocrx_word' id='word_1_63' title='bbox 905 1141 1037 1224; x_wconf 92' lang='lat' dir='ltr'><strong>quidem</strong></span> <span class='ocrx_word' id='word_1_64' title='bbox 1062 1143 1230 1220; x_wconf 89' lang='lat' dir='ltr'><strong>omnium,</strong></span> <span class='ocrx_word' id='word_1_65' title='bbox 1257 1159 1319 1205; x_wconf 88' lang='lat' dir='ltr'><strong>nee</strong></span> 
     </span>
     <span class='ocr_line' id='line_1_10' title="bbox 201 1242 1317 1322; baseline -0.001 -16"><span class='ocrx_word' id='word_1_66' title='bbox 201 1243 283 1306; x_wconf 84' lang='lat' dir='ltr'><strong>satis</strong></span> <span class='ocrx_word' id='word_1_67' title='bbox 318 1250 481 1322; x_wconf 87' lang='lat' dir='ltr'><strong>accurate,</strong></span> <span class='ocrx_word' id='word_1_68' title='bbox 515 1247 739 1308; x_wconf 85' lang='lat' dir='ltr'><strong>recenserent:</strong></span> <span class='ocrx_word' id='word_1_69' title='bbox 776 1242 861 1306; x_wconf 88' lang='lat' dir='ltr'><strong>unde</strong></span> <span class='ocrx_word' id='word_1_70' title='bbox 886 1263 964 1307; x_wconf 83' lang='lat' dir='ltr'><strong>vere</strong></span> <span class='ocrx_word' id='word_1_71' title='bbox 986 1243 1072 1307; x_wconf 81' lang='lat' dir='ltr'><strong>dixit</strong></span> <span class='ocrx_word' id='word_1_72' title='bbox 1100 1243 1241 1306; x_wconf 88' lang='lat' dir='ltr'><strong>Emesti</strong></span> <span class='ocrx_word' id='word_1_73' title='bbox 1283 1244 1317 1305; x_wconf 91' lang='lat' dir='ltr'><strong>iu</strong></span> 
     </span>
     <span class='ocr_line' id='line_1_11' title="bbox 202 1343 1316 1428; baseline -0.003 -19"><span class='ocrx_word' id='word_1_74' title='bbox 202 1344 338 1411; x_wconf 85' lang='lat' dir='ltr'><strong>Praefat.</strong></span> <span class='ocrx_word' id='word_1_75' title='bbox 353 1345 396 1408; x_wconf 89' lang='lat' dir='ltr'><strong>ad</strong></span> <span class='ocrx_word' id='word_1_76' title='bbox 410 1345 521 1409; x_wconf 85' lang='lat' dir='ltr'><strong>Tacit.</strong></span> <span class='ocrx_word' id='word_1_77' title='bbox 534 1366 568 1428; x_wconf 93' lang='lat' dir='ltr'><strong>p.</strong></span> <span class='ocrx_word' id='word_1_78' title='bbox 583 1360 693 1421; x_wconf 70' lang='lat' dir='ltr'><strong>xnu,</strong></span> <span class='ocrx_word' id='word_1_79' title='bbox 708 1345 858 1408; x_wconf 85' lang='lat' dir='ltr'><strong>homiues</strong></span> <span class='ocrx_word' id='word_1_80' title='bbox 869 1344 1062 1427; x_wconf 88' lang='lat' dir='ltr'><strong>plemmqne</strong></span> <span class='ocrx_word' id='word_1_81' title='bbox 1075 1346 1219 1422; x_wconf 88' lang='lat' dir='ltr'><strong>nescire,</strong></span> <span class='ocrx_word' id='word_1_82' title='bbox 1233 1343 1316 1428; x_wconf 87' lang='lat' dir='ltr'><strong>quid</strong></span> 
     </span>
     <span class='ocr_line' id='line_1_12' title="bbox 202 1441 1314 1528; baseline 0.002 -20"><span class='ocrx_word' id='word_1_83' title='bbox 202 1446 267 1511; x_wconf 89' lang='lat' dir='ltr'><strong>sibi</strong></span> <span class='ocrx_word' id='word_1_84' title='bbox 287 1446 400 1522; x_wconf 80' lang='lat' dir='ltr'><strong>velint,</strong></span> <span class='ocrx_word' id='word_1_85' title='bbox 422 1464 498 1508; x_wconf 89' lang='lat' dir='ltr'><strong>cum</strong></span> <span class='ocrx_word' id='word_1_86' title='bbox 520 1441 713 1528; x_wconf 78' lang='lat' dir='ltr'><strong>devolgata</strong></span> <span class='ocrx_word' id='word_1_87' title='bbox 729 1447 801 1509; x_wconf 88' lang='lat' dir='ltr'><strong>sive</strong></span> <span class='ocrx_word' id='word_1_88' title='bbox 822 1452 944 1527; x_wconf 83' lang='lat' dir='ltr'><strong>recepta</strong></span> <span class='ocrx_word' id='word_1_89' title='bbox 967 1441 1099 1508; x_wconf 82' lang='lat' dir='ltr'><strong>lectione</strong></span> <span class='ocrx_word' id='word_1_90' title='bbox 1119 1446 1314 1528; x_wconf 82' lang='lat' dir='ltr'><strong>loquantur.</strong></span> 
     </span>
     <span class='ocr_line' id='line_1_13' title="bbox 202 1543 1315 1630; baseline 0.002 -22"><span class='ocrx_word' id='word_1_91' title='bbox 202 1543 275 1627; x_wconf 87' lang='lat' dir='ltr'><strong>Ego</strong></span> <span class='ocrx_word' id='word_1_92' title='bbox 288 1565 410 1610; x_wconf 82' lang='lat' dir='ltr'><strong>novam</strong></span> <span class='ocrx_word' id='word_1_93' title='bbox 425 1565 564 1628; x_wconf 87' lang='lat' dir='ltr'><strong>eamque</strong></span> <span class='ocrx_word' id='word_1_94' title='bbox 581 1546 751 1616; x_wconf 52' lang='lat' dir='ltr'><strong>,lubricam</strong></span> <span class='ocrx_word' id='word_1_95' title='bbox 771 1547 939 1628; x_wconf 86' lang='lat' dir='ltr'><strong>ingressus</strong></span> <span class='ocrx_word' id='word_1_96' title='bbox 952 1545 1066 1623; x_wconf 84' lang='lat' dir='ltr'><strong>&#39;viam,</strong></span> <span class='ocrx_word' id='word_1_97' title='bbox 1081 1548 1242 1630; x_wconf 86' lang='lat' dir='ltr'><strong>quamvis</strong></span> <span class='ocrx_word' id='word_1_98' title='bbox 1264 1565 1315 1622; x_wconf 90' lang='lat' dir='ltr'><strong>eo,</strong></span> 
     </span>
     <span class='ocr_line' id='line_1_14' title="bbox 202 1645 1314 1731; baseline -0.002 -21"><span class='ocrx_word' id='word_1_99' title='bbox 202 1666 270 1731; x_wconf 91' lang='lat' dir='ltr'><strong>quo</strong></span> <span class='ocrx_word' id='word_1_100' title='bbox 284 1648 460 1725; x_wconf 86' lang='lat' dir='ltr'><strong>tenderem,</strong></span> <span class='ocrx_word' id='word_1_101' title='bbox 479 1667 533 1710; x_wconf 90' lang='lat' dir='ltr'><strong>me</strong></span> <span class='ocrx_word' id='word_1_102' title='bbox 550 1651 780 1730; x_wconf 83' lang='lat' dir='ltr'><strong>perventurum</strong></span> <span class='ocrx_word' id='word_1_103' title='bbox 797 1664 876 1729; x_wconf 90' lang='lat' dir='ltr'><strong>spes</strong></span> <span class='ocrx_word' id='word_1_104' title='bbox 900 1646 990 1710; x_wconf 90' lang='lat' dir='ltr'><strong>nulla</strong></span> <span class='ocrx_word' id='word_1_105' title='bbox 1010 1651 1109 1724; x_wconf 87' lang='lat' dir='ltr'><strong>esset,</strong></span> <span class='ocrx_word' id='word_1_106' title='bbox 1128 1645 1314 1729; x_wconf 87' lang='lat' dir='ltr'><strong>procedere</strong></span> 
     </span>
     <span class='ocr_line' id='line_1_15' title="bbox 202 1745 1315 1832; baseline -0.003 -21"><span class='ocrx_word' id='word_1_107' title='bbox 202 1752 311 1811; x_wconf 89' lang='lat' dir='ltr'><strong>tamen</strong></span> <span class='ocrx_word' id='word_1_108' title='bbox 333 1755 472 1812; x_wconf 87' lang='lat' dir='ltr'><strong>conatus</strong></span> <span class='ocrx_word' id='word_1_109' title='bbox 487 1768 571 1826; x_wconf 89' lang='lat' dir='ltr'><strong>sum,</strong></span> <span class='ocrx_word' id='word_1_110' title='bbox 587 1767 654 1832; x_wconf 91' lang='lat' dir='ltr'><strong>quo</strong></span> <span class='ocrx_word' id='word_1_111' title='bbox 676 1767 783 1830; x_wconf 91' lang='lat' dir='ltr'><strong>usque</strong></span> <span class='ocrx_word' id='word_1_112' title='bbox 804 1747 900 1811; x_wconf 93' lang='lat' dir='ltr'><strong>licuit</strong></span> <span class='ocrx_word' id='word_1_113' title='bbox 921 1768 981 1829; x_wconf 91' lang='lat' dir='ltr'><strong>per</strong></span> <span class='ocrx_word' id='word_1_114' title='bbox 997 1748 1122 1810; x_wconf 86' lang='lat' dir='ltr'><strong>itineris</strong></span> <span class='ocrx_word' id='word_1_115' title='bbox 1136 1745 1315 1810; x_wconf 88' lang='lat' dir='ltr'><strong>difficulta-</strong></span> 
     </span>
     <span class='ocr_line' id='line_1_16' title="bbox 202 1847 1313 1933; baseline -0.003 -22"><span class='ocrx_word' id='word_1_116' title='bbox 202 1853 280 1926; x_wconf 87' lang='lat' dir='ltr'><strong>tem,</strong></span> <span class='ocrx_word' id='word_1_117' title='bbox 294 1869 354 1932; x_wconf 90' lang='lat' dir='ltr'><strong>per</strong></span> <span class='ocrx_word' id='word_1_118' title='bbox 377 1849 608 1933; x_wconf 86' lang='lat' dir='ltr'><strong>praesidiorum</strong></span> <span class='ocrx_word' id='word_1_119' title='bbox 634 1850 780 1932; x_wconf 91' lang='lat' dir='ltr'><strong>copiam,</strong></span> <span class='ocrx_word' id='word_1_120' title='bbox 795 1868 855 1930; x_wconf 91' lang='lat' dir='ltr'><strong>per</strong></span> <span class='ocrx_word' id='word_1_121' title='bbox 879 1849 993 1923; x_wconf 91' lang='lat' dir='ltr'><strong>otium,</strong></span> <span class='ocrx_word' id='word_1_122' title='bbox 1015 1852 1049 1909; x_wconf 90' lang='lat' dir='ltr'><strong>et</strong></span> <span class='ocrx_word' id='word_1_123' title='bbox 1065 1867 1125 1930; x_wconf 89' lang='lat' dir='ltr'><strong>per</strong></span> <span class='ocrx_word' id='word_1_124' title='bbox 1139 1847 1313 1928; x_wconf 76' lang='lat' dir='ltr'><strong>ingenium</strong></span> 
     </span>
     <span class='ocr_line' id='line_1_17' title="bbox 202 1945 1314 2032; baseline 0.001 -21"><span class='ocrx_word' id='word_1_125' title='bbox 202 1967 323 2030; x_wconf 91' lang='lat' dir='ltr'><strong>meum,</strong></span> <span class='ocrx_word' id='word_1_126' title='bbox 354 1949 443 2032; x_wconf 94' lang='lat' dir='ltr'><strong>quod</strong></span> <span class='ocrx_word' id='word_1_127' title='bbox 469 1949 546 2012; x_wconf 86' lang='lat' dir='ltr'><strong>talis</strong></span> <span class='ocrx_word' id='word_1_128' title='bbox 572 1951 618 2010; x_wconf 88' lang='lat' dir='ltr'><strong>rei</strong></span> <span class='ocrx_word' id='word_1_129' title='bbox 642 1949 797 2012; x_wconf 84' lang='lat' dir='ltr'><strong>literariee</strong></span> <span class='ocrx_word' id='word_1_130' title='bbox 825 1947 988 2011; x_wconf 85' lang='lat' dir='ltr'><strong>subtilitas</strong></span> <span class='ocrx_word' id='word_1_131' title='bbox 1020 1967 1187 2030; x_wconf 91' lang='lat' dir='ltr'><strong>nunquam</strong></span> <span class='ocrx_word' id='word_1_132' title='bbox 1211 1945 1314 2012; x_wconf 83' lang='lat' dir='ltr'><strong>vaide</strong></span> 
     </span>
     <span class='ocr_line' id='line_1_18' title="bbox 202 2049 1379 2133; baseline -0.002 -19"><span class='ocrx_word' id='word_1_133' title='bbox 202 2049 255 2126; x_wconf 73' lang='lat' dir='ltr'><strong>vel</strong></span> <span class='ocrx_word' id='word_1_134' title='bbox 270 2053 418 2114; x_wconf 81' lang='lat' dir='ltr'><strong>exercuit</strong></span> <span class='ocrx_word' id='word_1_135' title='bbox 431 2050 485 2116; x_wconf 83' lang='lat' dir='ltr'><strong>vel</strong></span> <span class='ocrx_word' id='word_1_136' title='bbox 502 2050 599 2133; x_wconf 88' lang='lat' dir='ltr'><strong>juvit.</strong></span> <span class='ocrx_word' id='word_1_137' title='bbox 646 2049 802 2114; x_wconf 85' lang='lat' dir='ltr'><strong>Fortasse</strong></span> <span class='ocrx_word' id='word_1_138' title='bbox 821 2049 895 2113; x_wconf 87' lang='lat' dir='ltr'><strong>haec</strong></span> <span class='ocrx_word' id='word_1_139' title='bbox 920 2067 1024 2132; x_wconf 88' lang='lat' dir='ltr'><strong>opera</strong></span> <span class='ocrx_word' id='word_1_140' title='bbox 1048 2049 1227 2112; x_wconf 84' lang='lat' dir='ltr'><strong>admodum</strong></span> <span class='ocrx_word' id='word_1_141' title='bbox 1250 2050 1311 2112; x_wconf 90' lang='lat' dir='ltr'><strong>im·</strong></span> <span class='ocrx_word' id='word_1_142' title='bbox 1378 2098 1379 2123; x_wconf 73' lang='lat'><strong>,</strong></span> 
     </span>
     <span class='ocr_line' id='line_1_19' title="bbox 203 2147 1309 2236; baseline -0.002 -22"><span class='ocrx_word' id='word_1_143' title='bbox 203 2149 352 2236; x_wconf 86' lang='lat' dir='ltr'><strong>perfecta</strong></span> <span class='ocrx_word' id='word_1_144' title='bbox 364 2157 398 2214; x_wconf 90' lang='lat' dir='ltr'><strong>et</strong></span> <span class='ocrx_word' id='word_1_145' title='bbox 410 2169 541 2227; x_wconf 85' lang='lat' dir='ltr'><strong>manea,</strong></span> <span class='ocrx_word' id='word_1_146' title='bbox 560 2150 686 2234; x_wconf 85' lang='lat' dir='ltr'><strong>junctis</strong></span> <span class='ocrx_word' id='word_1_147' title='bbox 700 2153 869 2234; x_wconf 84' lang='lat' dir='ltr'><strong>praecipue</strong></span> <span class='ocrx_word' id='word_1_148' title='bbox 888 2170 928 2214; x_wconf 88' lang='lat' dir='ltr'><strong>ac</strong></span> <span class='ocrx_word' id='word_1_149' title='bbox 939 2150 1207 2233; x_wconf 78' lang='lat' dir='ltr'><strong>praecedentibus</strong></span> <span class='ocrx_word' id='word_1_150' title='bbox 1224 2147 1309 2213; x_wconf 92' lang='lat' dir='ltr'><strong>mul·</strong></span> 
     </span>
     <span class='ocr_line' id='line_1_20' title="bbox 203 2247 1310 2334; baseline -0.005 -18"><span class='ocrx_word' id='word_1_151' title='bbox 203 2257 310 2316; x_wconf 89' lang='lat' dir='ltr'><strong>torum</strong></span> <span class='ocrx_word' id='word_1_152' title='bbox 337 2251 467 2330; x_wconf 77' lang='lat' dir='ltr'><strong>studiiS,</strong></span> <span class='ocrx_word' id='word_1_153' title='bbox 497 2250 677 2334; x_wconf 87' lang='lat' dir='ltr'><strong>aliquando</strong></span> <span class='ocrx_word' id='word_1_154' title='bbox 696 2252 751 2316; x_wconf 85' lang='lat' dir='ltr'><strong>vel</strong></span> <span class='ocrx_word' id='word_1_155' title='bbox 777 2252 820 2315; x_wconf 91' lang='lat' dir='ltr'><strong>ab</strong></span> <span class='ocrx_word' id='word_1_156' title='bbox 846 2251 932 2329; x_wconf 88' lang='lat' dir='ltr'><strong>aliis,</strong></span> <span class='ocrx_word' id='word_1_157' title='bbox 958 2250 1011 2314; x_wconf 86' lang='lat' dir='ltr'><strong>vel</strong></span> <span class='ocrx_word' id='word_1_158' title='bbox 1037 2271 1060 2314; x_wconf 88' lang='lat' dir='ltr'><strong>a</strong></span> <span class='ocrx_word' id='word_1_159' title='bbox 1085 2271 1140 2316; x_wconf 89' lang='lat' dir='ltr'><strong>me</strong></span> <span class='ocrx_word' id='word_1_160' title='bbox 1166 2252 1258 2334; x_wconf 91' lang='lat' dir='ltr'><strong>ipso,</strong></span> <span class='ocrx_word' id='word_1_161' title='bbox 1280 2247 1310 2313; x_wconf 91' lang='lat' dir='ltr'><strong>si</strong></span> 
     </span>
     <span class='ocr_line' id='line_1_21' title="bbox 202 2351 1309 2438; baseline -0.004 -22"><span class='ocrx_word' id='word_1_162' title='bbox 202 2353 278 2436; x_wconf 90' lang='lat' dir='ltr'><strong>plus</strong></span> <span class='ocrx_word' id='word_1_163' title='bbox 291 2358 325 2417; x_wconf 93' lang='lat' dir='ltr'><strong>et</strong></span> <span class='ocrx_word' id='word_1_164' title='bbox 339 2353 400 2416; x_wconf 93' lang='lat' dir='ltr'><strong>otii</strong></span> <span class='ocrx_word' id='word_1_165' title='bbox 414 2358 447 2416; x_wconf 91' lang='lat' dir='ltr'><strong>et</strong></span> <span class='ocrx_word' id='word_1_166' title='bbox 462 2351 686 2417; x_wconf 86' lang='lat' dir='ltr'><strong>subsidiorum</strong></span> <span class='ocrx_word' id='word_1_167' title='bbox 701 2359 821 2416; x_wconf 86' lang='lat' dir='ltr'><strong>nectus</strong></span> <span class='ocrx_word' id='word_1_168' title='bbox 842 2351 946 2428; x_wconf 81' lang='lat' dir='ltr'><strong>fuero,</strong></span> <span class='ocrx_word' id='word_1_169' title='bbox 963 2352 1078 2437; x_wconf 89' lang='lat' dir='ltr'><strong>perfici</strong></span> <span class='ocrx_word' id='word_1_170' title='bbox 1090 2352 1227 2438; x_wconf 88' lang='lat' dir='ltr'><strong>poterit,</strong></span> <span class='ocrx_word' id='word_1_171' title='bbox 1251 2353 1309 2416; x_wconf 89' lang='lat' dir='ltr'><strong>aut</strong></span> 
     </span>
     <span class='ocr_line' id='line_1_22' title="bbox 203 2453 714 2535; baseline 0.002 -19"><span class='ocrx_word' id='word_1_172' title='bbox 203 2453 324 2517; x_wconf 85' lang='lat' dir='ltr'><strong>saltem-</strong></span> <span class='ocrx_word' id='word_1_173' title='bbox 335 2454 519 2516; x_wconf 86' lang='lat' dir='ltr'><strong>continuari</strong></span> <span class='ocrx_word' id='word_1_174' title='bbox 535 2459 568 2518; x_wconf 92' lang='lat' dir='ltr'><strong>et</strong></span> <span class='ocrx_word' id='word_1_175' title='bbox 581 2453 714 2535; x_wconf 84' lang='lat' dir='ltr'><strong>corrigi.</strong></span> 
     </span>
    </p>

    <p class='ocr_par' dir='ltr' id='par_1_4' title="bbox 202 2551 1379 4158">
     <span class='ocr_line' id='line_1_23' title="bbox 247 2551 1307 2640; baseline 0.004 -26"><span class='ocrx_word' id='word_1_176' title='bbox 247 2551 349 2630; x_wconf 84' lang='lat' dir='ltr'><strong>Quod</strong></span> <span class='ocrx_word' id='word_1_177' title='bbox 376 2553 420 2618; x_wconf 89' lang='lat' dir='ltr'><strong>ad</strong></span> <span class='ocrx_word' id='word_1_178' title='bbox 449 2557 642 2618; x_wconf 85' lang='lat' dir='ltr'><strong>contextum</strong></span> <span class='ocrx_word' id='word_1_179' title='bbox 669 2553 780 2638; x_wconf 79' lang='lat' dir='ltr'><strong>po&#39;etae</strong></span> <span class='ocrx_word' id='word_1_180' title='bbox 805 2557 930 2633; x_wconf 86' lang='lat' dir='ltr'><strong>attinet,</strong></span> <span class='ocrx_word' id='word_1_181' title='bbox 968 2556 1145 2622; x_wconf 88' lang='lat' dir='ltr'><strong>editionem</strong></span> <span class='ocrx_word' id='word_1_182' title='bbox 1173 2557 1307 2640; x_wconf 88' lang='lat' dir='ltr'><strong>quidem</strong></span> 
     </span>
     <span class='ocr_line' id='line_1_24' title="bbox 205 2653 1307 2737; baseline 0 -19"><span class='ocrx_word' id='word_1_183' title='bbox 205 2653 432 2736; x_wconf 88' lang='lat' dir='ltr'><strong>Bipontinam,</strong></span> <span class='ocrx_word' id='word_1_184' title='bbox 447 2673 524 2737; x_wconf 83' lang='lat' dir='ltr'><strong>quae</strong></span> <span class='ocrx_word' id='word_1_185' title='bbox 539 2657 610 2718; x_wconf 87' lang='lat' dir='ltr'><strong>tota</strong></span> <span class='ocrx_word' id='word_1_186' title='bbox 631 2654 698 2717; x_wconf 88' lang='lat' dir='ltr'><strong>sere</strong></span> <span class='ocrx_word' id='word_1_187' title='bbox 711 2674 756 2717; x_wconf 83' lang='lat' dir='ltr'><strong>ex</strong></span> <span class='ocrx_word' id='word_1_188' title='bbox 778 2655 999 2733; x_wconf 84' lang='lat' dir='ltr'><strong>Henniniana,</strong></span> <span class='ocrx_word' id='word_1_189' title='bbox 1011 2664 1047 2719; x_wconf 90' lang='lat' dir='ltr'><strong>ut</strong></span> <span class='ocrx_word' id='word_1_190' title='bbox 1058 2658 1132 2722; x_wconf 86' lang='lat' dir='ltr'><strong>baec</strong></span> <span class='ocrx_word' id='word_1_191' title='bbox 1147 2677 1166 2720; x_wconf 91' lang='lat' dir='ltr'><strong>e</strong></span> <span class='ocrx_word' id='word_1_192' title='bbox 1186 2657 1307 2722; x_wconf 81' lang='lat' dir='ltr'><strong>Schre·</strong></span> 
     </span>
     <span class='ocr_line' id='line_1_25' title="bbox 204 2755 1306 2840; baseline -0.002 -18"><span class='ocrx_word' id='word_1_193' title='bbox 204 2757 346 2834; x_wconf 79' lang='lat' dir='ltr'><strong>reliana,</strong></span> <span class='ocrx_word' id='word_1_194' title='bbox 370 2775 528 2840; x_wconf 88' lang='lat' dir='ltr'><strong>expressa</strong></span> <span class='ocrx_word' id='word_1_195' title='bbox 552 2760 615 2832; x_wconf 89' lang='lat' dir='ltr'><strong>est,</strong></span> <span class='ocrx_word' id='word_1_196' title='bbox 638 2756 749 2838; x_wconf 85' lang='lat' dir='ltr'><strong>operis</strong></span> <span class='ocrx_word' id='word_1_197' title='bbox 771 2756 915 2820; x_wconf 90' lang='lat' dir='ltr'><strong>librariis</strong></span> <span class='ocrx_word' id='word_1_198' title='bbox 928 2756 1158 2822; x_wconf 77' lang='lat' dir='ltr'><strong>excutiendam</strong></span> <span class='ocrx_word' id='word_1_199' title='bbox 1172 2755 1306 2832; x_wconf 88' lang='lat' dir='ltr'><strong>tradidi,</strong></span> 
     </span>
     <span class='ocr_line' id='line_1_26' title="bbox 202 2855 1306 2942; baseline 0.002 -22"><span class='ocrx_word' id='word_1_200' title='bbox 202 2877 317 2922; x_wconf 82' lang='lat' dir='ltr'><strong>verum</strong></span> <span class='ocrx_word' id='word_1_201' title='bbox 332 2858 528 2942; x_wconf 88' lang='lat' dir='ltr'><strong>sexcenties,</strong></span> <span class='ocrx_word' id='word_1_202' title='bbox 544 2855 601 2921; x_wconf 93' lang='lat' dir='ltr'><strong>ubi</strong></span> <span class='ocrx_word' id='word_1_203' title='bbox 616 2858 742 2922; x_wconf 81' lang='lat' dir='ltr'><strong>criticae</strong></span> <span class='ocrx_word' id='word_1_204' title='bbox 765 2858 908 2921; x_wconf 89' lang='lat' dir='ltr'><strong>rationes</strong></span> <span class='ocrx_word' id='word_1_205' title='bbox 931 2857 968 2921; x_wconf 94' lang='lat' dir='ltr'><strong>id</strong></span> <span class='ocrx_word' id='word_1_206' title='bbox 994 2860 1127 2922; x_wconf 92' lang='lat' dir='ltr'><strong>omnino</strong></span> <span class='ocrx_word' id='word_1_207' title='bbox 1153 2860 1306 2935; x_wconf 86' lang='lat' dir='ltr'><strong>suadere,</strong></span> 
     </span>
     <span class='ocr_line' id='line_1_27' title="bbox 202 2955 1305 3042; baseline 0 -19"><span class='ocrx_word' id='word_1_208' title='bbox 202 2957 257 3023; x_wconf 86' lang='lat' dir='ltr'><strong>vel</strong></span> <span class='ocrx_word' id='word_1_209' title='bbox 278 2961 392 3041; x_wconf 92' lang='lat' dir='ltr'><strong>potius</strong></span> <span class='ocrx_word' id='word_1_210' title='bbox 414 2959 530 3042; x_wconf 88' lang='lat' dir='ltr'><strong>jubere</strong></span> <span class='ocrx_word' id='word_1_211' title='bbox 555 2955 760 3035; x_wconf 78' lang='lat' dir='ltr'><strong>videbantur,</strong></span> <span class='ocrx_word' id='word_1_212' title='bbox 783 2977 851 3022; x_wconf 92' lang='lat' dir='ltr'><strong>uon</strong></span> <span class='ocrx_word' id='word_1_213' title='bbox 874 2957 974 3021; x_wconf 90' lang='lat' dir='ltr'><strong>modo</strong></span> <span class='ocrx_word' id='word_1_214' title='bbox 996 2959 1305 3042; x_wconf 85' lang='lat' dir='ltr'><strong>interpunctionem,</strong></span> 
     </span>
     <span class='ocr_line' id='line_1_28' title="bbox 204 3057 1379 3144; baseline 0.001 -22"><span class='ocrx_word' id='word_1_215' title='bbox 204 3079 280 3142; x_wconf 72' lang='lat' dir='ltr'><strong>quae</strong></span> <span class='ocrx_word' id='word_1_216' title='bbox 295 3059 338 3122; x_wconf 90' lang='lat' dir='ltr'><strong>ad</strong></span> <span class='ocrx_word' id='word_1_217' title='bbox 354 3059 549 3124; x_wconf 87' lang='lat' dir='ltr'><strong>sententiam</strong></span> <span class='ocrx_word' id='word_1_218' title='bbox 564 3063 635 3122; x_wconf 90' lang='lat' dir='ltr'><strong>tum</strong></span> <span class='ocrx_word' id='word_1_219' title='bbox 658 3059 903 3143; x_wconf 88' lang='lat' dir='ltr'><strong>expediendam</strong></span> <span class='ocrx_word' id='word_1_220' title='bbox 919 3065 990 3123; x_wconf 88' lang='lat' dir='ltr'><strong>tum</strong></span> <span class='ocrx_word' id='word_1_221' title='bbox 1015 3060 1209 3124; x_wconf 85' lang='lat' dir='ltr'><strong>turbandam</strong></span> <span class='ocrx_word' id='word_1_222' title='bbox 1230 3057 1306 3144; x_wconf 85' lang='lat' dir='ltr'><strong>plu-</strong></span> <span class='ocrx_word' id='word_1_223' title='bbox 1378 3110 1379 3115; x_wconf 31' lang='lat'>1</span> 
     </span>
     <span class='ocr_line' id='line_1_29' title="bbox 203 3160 1303 3247; baseline 0.001 -22"><span class='ocrx_word' id='word_1_224' title='bbox 203 3160 321 3225; x_wconf 88' lang='lat' dir='ltr'><strong>rimum</strong></span> <span class='ocrx_word' id='word_1_225' title='bbox 336 3161 438 3239; x_wconf 83' lang='lat' dir='ltr'><strong>ualet,</strong></span> <span class='ocrx_word' id='word_1_226' title='bbox 454 3161 513 3226; x_wconf 89' lang='lat' dir='ltr'><strong>sed</strong></span> <span class='ocrx_word' id='word_1_227' title='bbox 527 3164 622 3246; x_wconf 85' lang='lat' dir='ltr'><strong>ipsas</strong></span> <span class='ocrx_word' id='word_1_228' title='bbox 637 3182 771 3247; x_wconf 89' lang='lat' dir='ltr'><strong>quoque</strong></span> <span class='ocrx_word' id='word_1_229' title='bbox 785 3163 940 3226; x_wconf 89' lang='lat' dir='ltr'><strong>lectiones</strong></span> <span class='ocrx_word' id='word_1_230' title='bbox 954 3167 1082 3226; x_wconf 89' lang='lat' dir='ltr'><strong>mutare</strong></span> <span class='ocrx_word' id='word_1_231' title='bbox 1096 3180 1198 3227; x_wconf 90' lang='lat' dir='ltr'><strong>ausus</strong></span> <span class='ocrx_word' id='word_1_232' title='bbox 1212 3177 1303 3242; x_wconf 80' lang='lat' dir='ltr'><strong>sum3</strong></span> 
     </span>
     <span class='ocr_line' id='line_1_30' title="bbox 204 3260 1305 3346; baseline -0.003 -19"><span class='ocrx_word' id='word_1_233' title='bbox 204 3266 242 3327; x_wconf 93' lang='lat' dir='ltr'><strong>ut</strong></span> <span class='ocrx_word' id='word_1_234' title='bbox 255 3263 367 3344; x_wconf 84' lang='lat' dir='ltr'><strong>itaque</strong></span> <span class='ocrx_word' id='word_1_235' title='bbox 380 3264 452 3328; x_wconf 87' lang='lat' dir='ltr'><strong>haec</strong></span> <span class='ocrx_word' id='word_1_236' title='bbox 464 3267 613 3328; x_wconf 90' lang='lat' dir='ltr'><strong>recensio</strong></span> <span class='ocrx_word' id='word_1_237' title='bbox 625 3265 722 3346; x_wconf 83' lang='lat' dir='ltr'><strong>plane</strong></span> <span class='ocrx_word' id='word_1_238' title='bbox 732 3281 818 3327; x_wconf 87' lang='lat' dir='ltr'><strong>nova</strong></span> <span class='ocrx_word' id='word_1_239' title='bbox 827 3262 932 3327; x_wconf 86' lang='lat' dir='ltr'><strong>videri</strong></span> <span class='ocrx_word' id='word_1_240' title='bbox 941 3260 1062 3345; x_wconf 87' lang='lat' dir='ltr'><strong>possit.</strong></span> <span class='ocrx_word' id='word_1_241' title='bbox 1107 3261 1148 3325; x_wconf 92' lang='lat' dir='ltr'><strong>Iu</strong></span> <span class='ocrx_word' id='word_1_242' title='bbox 1156 3260 1305 3345; x_wconf 83' lang='lat' dir='ltr'><strong>quequi-</strong></span> 
     </span>
     <span class='ocr_line' id='line_1_31' title="bbox 205 3362 1304 3446; baseline -0.003 -18"><span class='ocrx_word' id='word_1_243' title='bbox 205 3363 280 3428; x_wconf 90' lang='lat' dir='ltr'><strong>dem</strong></span> <span class='ocrx_word' id='word_1_244' title='bbox 294 3365 341 3429; x_wconf 87' lang='lat' dir='ltr'><strong>ita</strong></span> <span class='ocrx_word' id='word_1_245' title='bbox 356 3372 504 3431; x_wconf 87' lang='lat' dir='ltr'><strong>versatus</strong></span> <span class='ocrx_word' id='word_1_246' title='bbox 520 3386 604 3442; x_wconf 91' lang='lat' dir='ltr'><strong>sum,</strong></span> <span class='ocrx_word' id='word_1_247' title='bbox 619 3370 655 3428; x_wconf 93' lang='lat' dir='ltr'><strong>ut</strong></span> <span class='ocrx_word' id='word_1_248' title='bbox 669 3383 783 3428; x_wconf 90' lang='lat' dir='ltr'><strong>omues</strong></span> <span class='ocrx_word' id='word_1_249' title='bbox 796 3366 964 3440; x_wconf 88' lang='lat' dir='ltr'><strong>lectiones,</strong></span> <span class='ocrx_word' id='word_1_250' title='bbox 979 3362 1145 3446; x_wconf 90' lang='lat' dir='ltr'><strong>inquibus</strong></span> <span class='ocrx_word' id='word_1_251' title='bbox 1159 3363 1304 3426; x_wconf 81' lang='lat' dir='ltr'><strong>varietas</strong></span> 
     </span>
     <span class='ocr_line' id='line_1_32' title="bbox 204 3464 1303 3546; baseline 0 -19"><span class='ocrx_word' id='word_1_252' title='bbox 204 3472 304 3543; x_wconf 89' lang='lat' dir='ltr'><strong>esset,</strong></span> <span class='ocrx_word' id='word_1_253' title='bbox 320 3466 362 3528; x_wconf 89' lang='lat' dir='ltr'><strong>ad</strong></span> <span class='ocrx_word' id='word_1_254' title='bbox 377 3467 533 3530; x_wconf 88' lang='lat' dir='ltr'><strong>bonomm</strong></span> <span class='ocrx_word' id='word_1_255' title='bbox 549 3467 705 3530; x_wconf 89' lang='lat' dir='ltr'><strong>librorum</strong></span> <span class='ocrx_word' id='word_1_256' title='bbox 714 3464 812 3528; x_wconf 89' lang='lat' dir='ltr'><strong>fidem</strong></span> <span class='ocrx_word' id='word_1_257' title='bbox 826 3469 859 3528; x_wconf 88' lang='lat' dir='ltr'><strong>et</strong></span> <span class='ocrx_word' id='word_1_258' title='bbox 873 3465 914 3528; x_wconf 86' lang='lat' dir='ltr'><strong>ad</strong></span> <span class='ocrx_word' id='word_1_259' title='bbox 930 3485 1012 3528; x_wconf 86' lang='lat' dir='ltr'><strong>vera</strong></span> <span class='ocrx_word' id='word_1_260' title='bbox 1026 3484 1066 3528; x_wconf 86' lang='lat' dir='ltr'><strong>ac</strong></span> <span class='ocrx_word' id='word_1_261' title='bbox 1079 3469 1170 3528; x_wconf 88' lang='lat' dir='ltr'><strong>recta</strong></span> <span class='ocrx_word' id='word_1_262' title='bbox 1182 3464 1303 3546; x_wconf 79' lang='lat' dir='ltr'><strong>lingua</strong></span> 
     </span>
     <span class='ocr_line' id='line_1_33' title="bbox 204 3567 1379 3652; baseline -0.005 -20"><span class='ocrx_word' id='word_1_263' title='bbox 204 3569 352 3652; x_wconf 82' lang='lat' dir='ltr'><strong>artisque</strong></span> <span class='ocrx_word' id='word_1_264' title='bbox 365 3573 536 3651; x_wconf 78' lang='lat' dir='ltr'><strong>praecepta</strong></span> <span class='ocrx_word' id='word_1_265' title='bbox 550 3568 687 3632; x_wconf 88' lang='lat' dir='ltr'><strong>solerter</strong></span> <span class='ocrx_word' id='word_1_266' title='bbox 700 3570 877 3650; x_wconf 84' lang='lat' dir='ltr'><strong>exigerem,</strong></span> <span class='ocrx_word' id='word_1_267' title='bbox 900 3587 1024 3648; x_wconf 88' lang='lat' dir='ltr'><strong>easque</strong></span> <span class='ocrx_word' id='word_1_268' title='bbox 1045 3567 1094 3630; x_wconf 90' lang='lat' dir='ltr'><strong>ita</strong></span> <span class='ocrx_word' id='word_1_269' title='bbox 1114 3567 1169 3630; x_wconf 84' lang='lat' dir='ltr'><strong>vel</strong></span> <span class='ocrx_word' id='word_1_270' title='bbox 1192 3583 1309 3630; x_wconf 85' lang='lat' dir='ltr'><strong>serva-=</strong></span> <span class='ocrx_word' id='word_1_271' title='bbox 1378 3600 1379 3605; x_wconf 20' lang='grc' dir='ltr'><strong>κ</strong></span> 
     </span>
     <span class='ocr_line' id='line_1_34' title="bbox 203 3667 1379 3754; baseline 0 -24"><span class='ocrx_word' id='word_1_272' title='bbox 203 3687 272 3732; x_wconf 90' lang='lat' dir='ltr'><strong>rem</strong></span> <span class='ocrx_word' id='word_1_273' title='bbox 300 3689 339 3733; x_wconf 86' lang='lat' dir='ltr'><strong>ac</strong></span> <span class='ocrx_word' id='word_1_274' title='bbox 369 3667 587 3746; x_wconf 76' lang='lat' dir='ltr'><strong>defenderem,</strong></span> <span class='ocrx_word' id='word_1_275' title='bbox 610 3670 663 3732; x_wconf 89' lang='lat' dir='ltr'><strong>vel</strong></span> <span class='ocrx_word' id='word_1_276' title='bbox 691 3671 854 3754; x_wconf 87' lang='lat' dir='ltr'><strong>ejicerem,</strong></span> <span class='ocrx_word' id='word_1_277' title='bbox 880 3669 933 3737; x_wconf 82' lang='lat' dir='ltr'><strong>uel</strong></span> <span class='ocrx_word' id='word_1_278' title='bbox 964 3687 1162 3733; x_wconf 79' lang='lat' dir='ltr'><strong>revocarem.</strong></span> <span class='ocrx_word' id='word_1_279' title='bbox 1208 3667 1303 3730; x_wconf 87' lang='lat' dir='ltr'><strong>Illam</strong></span> <span class='ocrx_word' id='word_1_280' title='bbox 1378 3704 1379 3723; x_wconf 34' lang='grc' dir='ltr'><strong>η</strong></span> 
     </span>
     <span class='ocr_line' id='line_1_35' title="bbox 204 3760 1379 3853; baseline -0.002 -22"><span class='ocrx_word' id='word_1_281' title='bbox 204 3770 289 3834; x_wconf 90' lang='lat' dir='ltr'><strong>euim</strong></span> <span class='ocrx_word' id='word_1_282' title='bbox 309 3773 485 3838; x_wconf 88' lang='lat' dir='ltr'><strong>multorum</strong></span> <span class='ocrx_word' id='word_1_283' title='bbox 505 3771 731 3834; x_wconf 86' lang='lat' dir='ltr'><strong>morositatem</strong></span> <span class='ocrx_word' id='word_1_284' title='bbox 745 3777 779 3834; x_wconf 94' lang='lat' dir='ltr'><strong>et</strong></span> <span class='ocrx_word' id='word_1_285' title='bbox 800 3773 897 3853; x_wconf 89' lang='lat' dir='ltr'><strong>quasi</strong></span> <span class='ocrx_word' id='word_1_286' title='bbox 922 3769 1201 3853; x_wconf 86' lang='lat' dir='ltr'><strong>superstitionem,</strong></span> <span class='ocrx_word' id='word_1_287' title='bbox 1228 3785 1303 3851; x_wconf 80' lang='lat' dir='ltr'><strong>quae</strong></span> <span class='ocrx_word' id='word_1_288' title='bbox 1378 3760 1379 3843; x_wconf 62' lang='grc' dir='ltr'>ζ</span> 
     </span>
     <span class='ocr_line' id='line_1_36' title="bbox 204 3869 1302 3953; baseline -0.003 -19"><span class='ocrx_word' id='word_1_289' title='bbox 204 3871 350 3952; x_wconf 86' lang='lat' dir='ltr'><strong>religioni</strong></span> <span class='ocrx_word' id='word_1_290' title='bbox 365 3875 429 3938; x_wconf 91' lang='lat' dir='ltr'><strong>sibi</strong></span> <span class='ocrx_word' id='word_1_291' title='bbox 445 3874 550 3952; x_wconf 91' lang='lat' dir='ltr'><strong>ducit,</strong></span> <span class='ocrx_word' id='word_1_292' title='bbox 566 3874 669 3937; x_wconf 89' lang='lat' dir='ltr'><strong>verba</strong></span> <span class='ocrx_word' id='word_1_293' title='bbox 682 3873 734 3936; x_wconf 85' lang='lat' dir='ltr'><strong>vel</strong></span> <span class='ocrx_word' id='word_1_294' title='bbox 756 3872 930 3936; x_wconf 81' lang='lat' dir='ltr'><strong>manifesto</strong></span> <span class='ocrx_word' id='word_1_295' title='bbox 954 3877 1111 3953; x_wconf 89' lang='lat' dir='ltr'><strong>corrupta</strong></span> <span class='ocrx_word' id='word_1_296' title='bbox 1129 3874 1163 3934; x_wconf 90' lang='lat' dir='ltr'><strong>et</strong></span> <span class='ocrx_word' id='word_1_297' title='bbox 1184 3869 1302 3934; x_wconf 86' lang='lat' dir='ltr'><strong>idoneo</strong></span> 
     </span>
     <span class='ocr_line' id='line_1_37' title="bbox 205 3971 1379 4061; baseline 0.001 -27"><span class='ocrx_word' id='word_1_298' title='bbox 205 3989 304 4035; x_wconf 88' lang='lat' dir='ltr'><strong>sensu</strong></span> <span class='ocrx_word' id='word_1_299' title='bbox 320 3977 464 4038; x_wconf 84' lang='lat' dir='ltr'><strong>carentia</strong></span> <span class='ocrx_word' id='word_1_300' title='bbox 479 3995 554 4040; x_wconf 90' lang='lat' dir='ltr'><strong>cum</strong></span> <span class='ocrx_word' id='word_1_301' title='bbox 577 3973 680 4050; x_wconf 81' lang='lat' dir='ltr'><strong>sanie,</strong></span> <span class='ocrx_word' id='word_1_302' title='bbox 708 3975 809 4056; x_wconf 86' lang='lat' dir='ltr'><strong>aptis,</strong></span> <span class='ocrx_word' id='word_1_303' title='bbox 822 3977 857 4037; x_wconf 87' lang='lat' dir='ltr'><strong>et</strong></span> <span class='ocrx_word' id='word_1_304' title='bbox 869 3971 971 4055; x_wconf 72' lang='lat' dir='ltr'><strong>poeta</strong></span> <span class='ocrx_word' id='word_1_305' title='bbox 985 3972 1094 4053; x_wconf 86' lang='lat' dir='ltr'><strong>dignis</strong></span> <span class='ocrx_word' id='word_1_306' title='bbox 1107 3976 1302 4053; x_wconf 86' lang='lat' dir='ltr'><strong>permutare,</strong></span> <span class='ocrx_word' id='word_1_307' title='bbox 1378 4054 1379 4061; x_wconf 8' lang='grc' dir='ltr'>ἵ</span> 
     </span>
     <span class='ocr_line' id='line_1_38' title="bbox 203 4064 1379 4158; baseline -0.003 -18"><span class='ocrx_word' id='word_1_308' title='bbox 203 4091 272 4146; x_wconf 85' lang='lat' dir='ltr'><strong>uon</strong></span> <span class='ocrx_word' id='word_1_309' title='bbox 293 4072 401 4140; x_wconf 79' lang='lat' dir='ltr'><strong>minus</strong></span> <span class='ocrx_word' id='word_1_310' title='bbox 425 4074 632 4156; x_wconf 84' lang='lat' dir='ltr'><strong>probandam</strong></span> <span class='ocrx_word' id='word_1_311' title='bbox 647 4079 742 4158; x_wconf 79' lang='lat' dir='ltr'><strong>puto,</strong></span> <span class='ocrx_word' id='word_1_312' title='bbox 767 4092 871 4158; x_wconf 86' lang='lat' dir='ltr'><strong>quam</strong></span> <span class='ocrx_word' id='word_1_313' title='bbox 891 4073 1029 4138; x_wconf 83' lang='lat' dir='ltr'><strong>aliorum</strong></span> <span class='ocrx_word' id='word_1_314' title='bbox 1049 4073 1085 4138; x_wconf 89' lang='lat' dir='ltr'><strong>in</strong></span> <span class='ocrx_word' id='word_1_315' title='bbox 1097 4073 1162 4138; x_wconf 89' lang='lat' dir='ltr'><strong>boc</strong></span> <span class='ocrx_word' id='word_1_316' title='bbox 1185 4074 1302 4138; x_wconf 73' lang='lat' dir='ltr'><strong>conatu</strong></span> <span class='ocrx_word' id='word_1_317' title='bbox 1378 4064 1379 4067; x_wconf 62' lang='grc'>’</span> 
     </span>
    </p>
   </div>
   <div class='ocr_carea' id='block_1_4' title="bbox 0 0 1414 4792">
    <p class='ocr_par' dir='ltr' id='par_1_5' title="bbox 0 0 1414 4792">
     <span class='ocr_line' id='line_1_39' title="bbox 0 0 1414 4792; baseline 0 1"><span class='ocrx_word' id='word_1_318' title='bbox 0 0 1414 4792; x_wconf 95' lang='lat' dir='ltr'><strong> </strong></span> 
     </span>
    </p>
   </div>
  </div>
 </body>
</html>
