2817 4792
211 375 236 442 θ
660 391 869 444 rasurum.
927 360 930 366 ’

211 547 340 610 nentur.
394 539 450 606 Au
474 540 636 624 ejusmodi
658 541 836 606 editionem
863 541 1043 608 curandam
1066 563 1121 608 me
1143 543 1332 630 aspirasse

212 645 302 711 haud
326 641 508 707 dissimilo:
537 641 595 706 sed
619 662 718 727 quam
742 664 860 726 pamm
887 644 931 708 ad
953 645 1055 708 talem
1076 652 1232 713 conatum
1260 649 1333 714 uiue

214 746 450 833 perficiundmu
472 747 561 810 vires
584 761 668 811 meae
690 746 867 825 sufficiant,
886 767 940 812 me
961 748 1068 830 magis
1086 751 1123 812 iu
1147 749 1220 814 dies
1245 771 1332 816 sen-

215 851 311 926 sisse,
326 869 392 912 non
406 849 485 916 fieta
498 849 641 932 quadam
656 849 829 926 modestia,
844 849 904 914 sed
917 869 962 914 ex
977 853 1087 915 animo
1102 852 1281 936 profiteor.

259 951 415 1016 Omnium
443 972 532 1030 vero,
563 972 647 1035 quos
677 971 823 1036 unquam
857 953 1009 1032 exhausi,
1038 955 1192 1020 laborum
1218 957 1331 1040 longe

212 1055 437 1120 molestissimi
450 1053 540 1118 fruere
563 1055 684 1138 partim
697 1057 798 1122 lectio
812 1055 1131 1136 commentariorum,
1154 1059 1215 1142 qui
1234 1065 1331 1124 tam-

212 1159 306 1243 poris
325 1158 489 1241 jacturam
503 1157 611 1222 frucm
632 1159 708 1222 inde
730 1165 889 1242 percepto
911 1160 1101 1242 neutiquam
1123 1179 1331 1244 compassa»

213 1259 305 1339 bant,
327 1266 360 1324 et
373 1263 405 1324 iu
421 1261 629 1327 Henniniana
642 1262 787 1326 editione
809 1261 854 1324 ad
876 1261 1028 1344 quemvis
1049 1280 1182 1326 versuum
1205 1264 1332 1345 singu-
1404 1312 1405 1339 2

211 1359 305 1426 latim
320 1367 411 1426 erant
424 1361 609 1440 evolvendi,
631 1364 753 1445 partim
775 1362 910 1427 collatio
923 1369 974 1429 tot
997 1363 1152 1428 codicum
1165 1370 1200 1427 et
1214 1368 1331 1449 scrip-

212 1465 318 1526 torum
333 1469 366 1528 et
380 1464 552 1541 editorum,
573 1483 715 1547 quorum
728 1463 833 1550 multo
846 1465 1029 1528 muimam
1050 1469 1177 1548 partem
1198 1465 1277 1548 ipse
1305 1487 1330 1534 a

211 1563 375 1648 principio
390 1561 433 1626 ad
448 1563 546 1630 finem
568 1566 776 1649 comparavi,
798 1584 874 1630 cam
889 1565 1038 1630 noudum
1052 1585 1075 1628 a
1087 1584 1259 1650 quoquam
1287 1567 1328 1634 id

210 1665 336 1732 factum
362 1665 531 1743 vidissem,
553 1668 675 1750 partim
700 1667 843 1751 denique
868 1666 1032 1732 confectio
1056 1666 1186 1732 Iudicis
1209 1688 1326 1734 reruni
1404 1736 1405 1753 χ

211 1768 451 1851 verborumque
464 1769 629 1832 uberrimi.
1404 1766 1405 1781 ¹

254 1869 321 1934 Tot
334 1875 508 1954 tantasque
522 1869 732 1935 difficultates
750 1871 781 1936 si
802 1873 879 1955 quis
901 1871 1114 1955 reputaverit,
1134 1892 1200 1936 non
1218 1871 1327 1938 mira·
1404 1940 1405 1959 χ

211 1971 297 2038 bitus
319 1973 492 2056 profectos
504 1971 649 2038 nondum
671 1973 775 2036 titisse
797 1991 996 2056 quenquam,
1020 1972 1081 2055 qui
1103 1977 1230 2036 tanturm
1251 1975 1325 2041 sibi
1404 1962 1405 1973 ¹

172 2153 176 2160 Ι
214 2075 337 2152 cuens,
370 2079 527 2160 quantum
555 2093 617 2156 ego
645 2076 839 2157 receperim,
867 2073 996 2158 imponi
1019 2080 1196 2157 pateretur,
1220 2083 1254 2138 et
1284 2078 1326 2140 in
1404 2136 1405 2163 ,

211 2177 330 2242 'eodem
357 2181 543 2246 constanter
571 2184 814 2258 perseveraret3
842 2178 1040 2262 multosque,
1063 2197 1148 2263 quos
1174 2177 1260 2242 iunia
1286 2180 1327 2244 in
1404 2168 1405 2235 Ῠ

211 2279 287 2347 Ind.
303 2279 406 2344 Editt.
421 2284 506 2344 extr.
520 2277 677 2357 landabo,
701 2280 876 2346 aconsilio
900 2281 1018 2346 edendi
1038 2279 1225 2358 Juvenalis,
1243 2282 1324 2366 jam
1403 2290 1405 2339 l

208 2381 267 2448 diu
290 2388 399 2448 mente
425 2383 561 2466 agitato,
588 2380 768 2449 destitisse.
822 2380 943 2468 Neque
968 2403 1030 2465 ego
1058 2383 1168 2460 telam,
1194 2381 1324 2447 confles
1404 2376 1405 2455 l

207 2484 418 2568 impatientia
445 2487 631 2570 abruptam,
661 2485 896 2570 qualicumque
923 2487 1054 2550 ratione
1080 2485 1322 2564 detexmasem‚

208 2585 276 2656 nisi
289 2591 360 2649 tium
372 2585 571 2650 verecundia
584 2585 782 2663 obstitisset,
804 2606 871 2669 quo
884 2586 993 2671 minus
1009 2584 1111 2650 fidem
1131 2589 1181 2649 tot
1202 2587 1323 2652 tantis-

211 2704 276 2772 que
291 2687 372 2751 viris
395 2685 508 2752 datam
522 2687 678 2766 fallerem,
702 2706 847 2772 opesque
862 2687 985 2752 abillis
999 2687 1123 2771 frustra
1141 2688 1223 2755 mihi
1235 2707 1324 2773 snp-

210 2788 392 2872 peditatas,
406 2789 558 2873 miliique
580 2790 679 2871 plane
701 2790 779 2855 usui
803 2787 915 2875 po'etae
928 2788 1043 2874 {finisse
1065 2790 1225 2873 sinerem3
1246 2795 1324 2856 tum
1404 2786 1405 2817 ³

211 2891 288 2974 ipsa
309 2892 456 2972 gravitas
473 2911 514 2956 ac
528 2891 705 2957 multitudo
719 2911 843 2972 eornm,
867 2910 945 2975 quae
968 2893 1146 2957 conatibus
1167 2892 1233 2956 mei
1255 2892 1323 2956 im-

209 2989 399 3074 pedimento
428 2993 579 3070 fuissent,
610 2997 731 3058 certam
763 2995 844 3060 mihi
876 2993 1127 3078 jucundamque
1160 2993 1323 3061 fecissent

209 3109 308 3174 spem
335 3093 442 3158 veniae
474 3093 615 3176 alicujus
644 3113 685 3160 ac
713 3093 923 3178 indmgmtiae
950 3090 1095 3160 virorum
1121 3094 1320 3180 doctorum3

210 3193 333 3277 quibus
352 3195 489 3260 meliora
510 3199 544 3258 et
561 3213 651 3259 nunc
672 3195 759 3262 forte
780 3196 960 3275 dedissem,
979 3201 1015 3262 et
1037 3197 1117 3262 olim
1137 3196 1262 3274 darem,
1284 3202 1320 3265 si

212 3295 414 3378 contingeret
426 3294 507 3362 mihi
521 3313 597 3362 esse
617 3301 687 3362 tam
700 3296 804 3378 felici,
823 3303 944 3364 utnon
964 3317 1064 3364 asum
1075 3297 1175 3365 modo
1195 3298 1320 3366 biblio·

207 3395 390 3476 thecauum,
413 3397 457 3463 ad
479 3417 565 3483 quas
587 3399 643 3479 iis,
667 3401 729 3486 qui
753 3401 963 3467 scholasticis
981 3401 1156 3486 iunguntur
1176 3402 1320 3468 muneri-

209 3495 286 3576 bus,
316 3497 426 3563 aditns
453 3501 647 3586 plerumque
674 3521 742 3570 non
769 3509 876 3588 patet,
906 3501 966 3568 sed
993 3504 1070 3587 plus
1098 3522 1232 3586 quoque
1256 3504 1318 3568 otii

205 3597 382 3664 haberem:
406 3619 545 3685 quarum
564 3623 672 3672 rernm
688 3605 938 3692 jncundissima
955 3624 1034 3690 spes
1055 3605 1230 3688 praesentis
1252 3602 1317 3670 sor·

206 3703 296 3768 tunae
315 3701 472 3768 solatium
487 3709 550 3769 est.

253 3801 342 3869 Hac
365 3823 477 3890 pauca
496 3824 564 3872 non
583 3823 683 3872 unam
702 3808 747 3873 ob
768 3823 907 3879 cansam
928 3805 1168 3894 praemonenda
1187 3804 1312 3885 censui,

208 3901 400 3988 priusquam
413 3905 514 3994 hujus
529 3907 685 3977 editionis
699 3909 844 3978 indolem
857 3913 891 3976 ct
904 3911 1080 3977 consilium
1099 3908 1312 3984 declararem,

208 4004 299 4088 quod
326 4023 413 4075 nnuc
442 4011 586 4080 breviter
614 4011 809 4099 expediam.
861 4011 948 4079 Gum
972 3998 1051 4079 vero
1075 4009 1194 4077 mem
1217 4025 1312 4095 paene
1404 4054 1405 4079 .

207 4123 288 4172 usius
309 4105 373 4172 sim
393 4112 532 4192 radone,
557 4123 660 4198 quam
684 4116 722 4182 in
745 4114 832 4182 Silio
854 4113 984 4182 edendo
1006 4111 1206 4198 sequendam
1228 4111 1310 4176 dux·
1404 4124 1405 4203 }

206 4207 308 4295 srim3
331 4208 467 4276 eaedem
488 4231 620 4300 quoque
641 4233 694 4284 res
714 4213 833 4286 ffldcm
856 4216 1050 4302 plerumque
1070 4213 1181 4280 verbis
1204 4229 1304 4296 expu-
1404 4244 1405 4311 ἐ
