2817 4792
218 343 283 410 122
499 359 734 408 rnsrrnonra
758 359 807 406 nn
829 359 1044 411 suvnnann.

216 506 266 573 Te
276 506 417 588 tingente
431 503 524 570 nefas
539 504 690 588 Pyladen
705 504 832 569 odisset
845 504 1001 589 Orestes3

258 608 393 674 Thesea
407 607 545 673 Pirithoi
560 607 762 673 destituisset
775 627 881 675 emor.

216 709 262 776 Et
275 710 410 776 Siculos
423 710 555 787 iratres,
570 716 603 774 et
616 713 726 795 majus
738 728 856 774 nornen
869 708 1022 793 Atridas,

260 811 305 878 Et
316 813 417 878 Ledae
432 819 565 896 poteras
581 811 766 878 dissociare
780 833 893 896 genus.

217 913 297 979 Hor
312 915 374 980 tibi
388 935 451 999 pro
464 915 594 980 maritis
607 921 640 979 et
651 915 777 980 talibus
790 914 954 998 imprecor
970 917 1072 995 ausis,

260 1015 307 1080 Ut
320 1015 425 1082 facias
440 1015 534 1096 illud,
550 1016 651 1100 quod,
664 1021 758 1100 puto,
771 1017 889 1101 lingua
901 1017 999 1082 iacis.

527 1168 652 1234 IDEM
676 1167 838 1233 EPIGR.
862 1185 928 1231 vn.
950 1169 1005 1234 91.

216 1285 270 1352 De
283 1292 396 1354 nostro
409 1287 552 1354 facunde
566 1290 626 1352 tibi
638 1287 661 1352 J
662 1287 817 1352 uvenalis
831 1287 939 1370 agello

257 1389 502 1456 Saturnalicias
515 1391 677 1456 mittimus
693 1409 773 1454 ecce
783 1408 899 1454 nuces.

216 1488 334 1557 Cetera
346 1493 484 1558 lascivis
498 1493 635 1558 donavit
648 1511 750 1575 poma
763 1491 887 1576 puellis

258 1592 411 1660 Mentula
426 1596 577 1662 custodis
590 1595 769 1659 luxuriosa
784 1595 863 1660 Dei.

524 1744 649 1810 IDEM
672 1745 835 1810 EPIGR.
859 1745 1007 1812 x11.18.

258 1863 348 1928 Dum
361 1869 399 1930 tu
414 1863 550 1930 forsitan
566 1866 735 1949 inquietus
750 1885 841 1930 erras

258 1965 431 2045 Clamosa,
447 1967 635 2046 luvenalis
652 1971 686 2033 in
701 1970 844 2047 Subura,

255 2064 327 2132 Aut
341 2068 462 2134 collem
472 2068 616 2134 dominae
631 2071 711 2134 teris
727 2071 869 2151 Dianae3

256 2167 347 2232 Dum
361 2189 421 2254 per
434 2169 594 2234 liminata
609 2172 830 2252 potentiorum

256 2268 417 2334 Sudatrix
431 2275 510 2352 toga
524 2271 671 2348 ventilat,
686 2290 876 2356 vagumque

255 2369 366 2458 Major
379 2371 503 2438 Caelius
517 2379 551 2437 et
564 2373 671 2438 minor
683 2373 841 2456 fatigant:

255 2471 315 2536 Me
329 2475 449 2538 multos
462 2475 603 2557 repetita
615 2481 694 2557 post
710 2475 913 2542 Decembres

226 2657 230 2666 ι
253 2573 400 2659 Accepit
413 2593 488 2638 mea
500 2577 730 2662 rusticumque
745 2577 825 2642 fecit

253 2675 346 2743 Attro
361 2677 496 2742 Bilbilis
512 2684 545 2742 et
558 2680 701 2762 superba
715 2680 813 2745 ferro.

306 2892 310 2902 s
375 2828 618 2896 cuneolos
643 2801 873 2897 nourmos
898 2831 1150 2899 turannos.

595 2949 670 3014 ms.
701 2967 726 3015 1.
755 2951 939 3017 δας-606.

197 3063 325 3150 'Hujus
341 3063 504 3130 vulnificis
520 3067 630 3132 Satira
643 3068 775 3133 ludente
789 3067 962 3135 Gamoenis

252 3165 328 3230 Nec
345 3165 478 3231 'lirrnus
492 3169 614 3252 potior,
628 3189 688 3234 nec
704 3169 880 3235 luvenalis
895 3173 966 3234 erit.

208 3267 373 3342 Restituit
387 3275 531 3334 veterem
546 3273 698 3336 censoria
711 3271 794 3335 lima
807 3271 989 3354 pudorem;

252 3369 408 3456 Dumque
418 3373 527 3437 malos
543 3374 661 3456 carpit,
677 3374 836 3456 praecipit
849 3392 924 3438 esse
938 3373 1056 3436 bonos.

323 3519 364 3586 G.
387 3520 587 3586 SOLLIUS
609 3519 939 3587 APOLLINARIS
963 3519 1195 3588 SIDONIUS

341 3655 452 3722 Carnu.
467 3673 523 3721 ux.
537 3657 613 3724 266.
627 3678 679 3742 sq.
695 3658 739 3724 ad
754 3658 916 3742 Magnum
936 3658 1083 3724 Felicem
1098 3654 1179 3723 Cos.

212 3845 218 3852 ,
246 3773 327 3842 Non
338 3776 395 3860 qui
410 3779 556 3859 tempore
572 3771 718 3840 Caesaris
732 3777 867 3842 secundi

248 3877 386 3944 AEterno
402 3877 541 3944 incoluit
555 3877 682 3942 Tomos
697 3885 807 3946 reatu:

249 3978 323 4044 Nae
338 3983 396 4063 qui
411 3981 577 4048 consimili
592 3980 714 4046 deinde
727 4001 820 4064 casn,

246 4076 305 4143 Ad
318 4083 408 4163 vulgi
423 4087 554 4147 tenuem
570 4083 747 4170 strepentis
759 4100 887 4162 auram,

247 4179 330 4248 Irati
343 4179 409 4246 iuit
421 4183 590 4252 histrionis
604 4187 698 4252 exul.
