2817 4792
499 447 724 502 ruvsunnrs.
1027 479 1032 488 ·
1121 429 1165 499 36

46 608 81 668 et
95 597 247 664 ultimum
265 597 396 686 AEgypti
407 607 527 682 partem
542 597 600 662 alii
615 597 657 662 de
679 596 858 682 Pentapoli
879 603 1090 682 acceperunt,
1105 599 1165 664 alii

46 705 91 769 de
108 703 231 768 Oasis.
277 702 404 768 Praeter
417 703 490 766 baee
505 701 617 766 omnia
631 700 830 765 Juvenalem
842 719 908 764 non
929 701 1030 765 ivisse
1043 701 1079 766 in
1092 703 1164 767 exi-

48 808 135 871 lium
151 805 359 888 temporibus
373 805 566 880 Domitiani,
579 803 756 887 quemlibet
770 802 888 866 idoneo
902 807 985 867 teste
998 805 1166 886 potentius

48 909 180 972 evincit
197 907 376 984 Martialis,
390 907 447 990 qui
463 907 586 970 libellis
603 906 670 970 illis
685 903 978 989 epigrammatum,
992 923 1080 988 quos
1102 908 1165 970 sub

52 1009 257 1074 Domitiano
279 1010 425 1093 scripsit,
441 1010 622 1092 frequenter
636 1008 833 1073 iuvenalem
854 1007 1044 1090 compellat,
1068 1012 1166 1092 quasi

51 1111 87 1173 in
106 1109 202 1174 Urbe
217 1115 293 1174 tunc
309 1130 383 1174 oum
406 1113 551 1174 maxime
574 1115 734 1192 agentem,
757 1108 813 1172 cui
826 1115 861 1172 et
873 1127 977 1172 nuces
1000 1111 1100 1175 mittit
1112 1129 1166 1174 sa·

52 1213 258 1277 turnalioias
271 1210 329 1276 lib.
346 1227 479 1296 vrnep.
494 1209 549 1278 91.
596 1209 789 1276 Pertendero
808 1209 933 1294 aliquis
960 1213 1059 1276 etiam
1086 1231 1166 1296 pos-

54 1322 118 1391 set,
144 1315 214 1378 sub
241 1313 388 1396 'stajano
416 1315 538 1398 potius,
567 1333 667 1398 quam
693 1314 758 1376 sub
789 1311 963 1377 Hadriano
987 1314 1166 1396 relegatum

52 1415 170 1481 fuisse.
218 1417 285 1481 Sed
299 1416 382 1480 illud
397 1416 632 1502 impedimento
645 1422 707 1492 est,
730 1415 821 1500 quod
837 1423 1023 1499 postremas
1044 1417 1166 1481 satiras

55 1519 268 1602 scriptitasse
281 1539 357 1584 eum
379 1521 444 1585 snb
470 1517 645 1585 Hadriano
671 1524 815 1583 constat.
857 1517 1035 1582 Suetonius
1056 1525 1166 1584 autem

55 1621 183 1700 scribit,
199 1620 288 1684 iutra
304 1621 512 1686 brevissimum
527 1632 644 1706 tempus
657 1619 980 1706 periiru,poslquam
993 1621 1029 1686 iu
1040 1621 1168 1706 AEgyp·

57 1733 125 1789 tum
139 1726 270 1789 missus
283 1731 343 1805 est,
359 1727 473 1810 ibique
489 1728 601 1791 stetim
618 1725 767 1812 languore
781 1745 818 1786 ac
832 1722 924 1788 taedio
937 1723 1035 1788 eitam
1045 1722 1169 1807 finisse,

58 1827 146 1909 quod
170 1845 241 1892 non
265 1829 385 1894 mirum
411 1833 461 1892 est
485 1825 526 1892 do
552 1828 774 1911 octogenario.
819 1826 957 1891 Falsum
981 1833 1034 1892 est
1057 1827 1167 1909 igitur,

61 1929 151 2009 quod
175 1929 280 1997 tradit
292 1937 389 1995 vetos
411 1933 584 2014 interpres,
606 1929 745 2016 politam
767 1931 801 1995 in
822 1931 928 1994 exilio
949 1931 1068 1994 satirm
1090 1945 1168 1994 suas

59 2035 308 2114 composuisse3
330 2033 495 2124 atquoibi
514 2034 698 2098 etiamtum
711 2032 829 2109 fuisse,
856 2050 933 2096 oum
957 2036 1091 2115 propter
1114 2050 1169 2094 su·

62 2135 292 2214 perditionum
306 2134 526 2202 diversitatem
542 2134 687 2201 Ombitae
703 2141 737 2200 et
758 2133 940 2219 Tentyrites
960 2135 1170 2198 internecivis

62 2233 214 2300 caedibus
229 2255 304 2300 seso
318 2237 459 2302 invicem
480 2238 710 2303 contuderunt:
733 2236 829 2320 quasi
844 2256 867 2301 a
879 2237 1082 2318 temporibus
1097 2235 1170 2300 Do·

63 2335 186 2400 mitiaui
205 2357 313 2421 υεῳιθ
338 2337 380 2403 ad
396 2339 490 2404 initia
506 2339 671 2404 Hadriani
687 2338 869 2421 imperilia
891 2337 994 2401 exilio
1010 2355 1073 2400 suo
1095 2357 1170 2419 per·

63 2440 216 2502 manserit
232 2447 332 2523 atque
347 2441 448 2506 etiam
462 2439 591 2504 obierit.
622 2437 724 2516 Quod
745 2439 836 2502 enirn
849 2437 931 2502 dicit
944 2439 979 2500 in
991 2455 1033 2501 ea
1048 2437 1170 2518 Satira,

65 2541 137 2611 (xv.
153 2538 227 2625 45.)
251 2551 391 2606 notatum
406 2541 477 2621 sibi,
492 2543 654 2606 barbaras
675 2543 827 2606 nationes
840 2540 1020 2624 superioris
1034 2541 1172 2626 AEgypti

67 2638 195 2707 luxurie
208 2663 279 2709 non
294 2644 409 2710 cedere
422 2643 596 2728 Canopitis
609 2650 642 2709 et
654 2641 903 2720 Alexandrinis,
918 2641 983 2708 boe
996 2664 1063 2709 non
1074 2645 1172 2710 reter-

69 2741 206 2808 ridebet
220 2746 265 2811 ad
279 2744 361 2810 illud
376 2753 519 2832 tempus,
535 2765 602 2830 quo
617 2745 761 2810 Satiram
782 2763 858 2808 eam
879 2746 1055 2823 scribebat,
1074 2747 1172 2829 quasi

70 2839 103 2903 iu
115 2863 149 2908 re
163 2848 321 2930 praesenti
335 2853 410 2912 tuno
425 2847 533 2925 tuerit,
543 2867 619 2912 cum
634 2867 676 2912 ee
689 2853 780 2930 gesta
794 2851 884 2924 sunt,
898 2865 974 2929 quae
989 2847 1037 2911 ibi
1050 2847 1173 2912 descri-

73 2941 127 3008 bit.
171 2947 310 3032 Quippe
338 2948 459 3014 Romoe
489 2951 647 3034 scriptam
674 2967 749 3014 esse
771 2949 876 3013 multa
899 2953 1051 3031 arguunt.
1097 2947 1173 3014 Nec

72 3061 179 3111 rursus
192 3049 235 3112 ad
250 3048 286 3114 id
301 3057 433 3132 tempus
445 3045 614 3126 referenda
627 3049 790 3128 videntur,
813 3070 880 3136 quo
894 3051 929 3114 in
943 3051 1083 3136 AEgypti
1096 3069 1174 3136 par·

74 3147 134 3208 tem
147 3148 298 3216 ultimam
311 3169 333 3214 a
353 3151 541 3216 Domitiano
555 3152 697 3216 missum
711 3151 836 3230 volunt,
852 3151 942 3236 quod
961 3173 1097 3236 prorsus
1111 3153 1174 3218 fal-

76 3261 144 3309 aum
156 3268 228 3315 esse
243 3252 458 3316 oemffimus.
502 3251 558 3317 An
579 3271 645 3318 non
669 3253 737 3318 alio
760 3260 908 3337 tempore
923 3261 1023 3339 atque
1044 3257 1111 3321 alia
1132 3255 1175 3320 de

32 3410 36 3420 .
76 3363 173 3414 causa
198 3353 380 3438 AEgyptam
404 3353 542 3420 lustrare
563 3355 697 3439 juvenis
722 3357 831 3439 potuit
853 3354 1049 3421 Juvenalisl
1072 3359 1175 3422 arrimi

76 3461 184 3533 nempe
198 3457 305 3535 gratia
331 3456 378 3518 nai
403 3459 451 3531 τῆς
474 3453 597 3541 ἱστορίας
608 3453 712 3542 χᾶριν,
738 3461 776 3520 ut
799 3457 898 3521 urbes
919 3458 1061 3541 regionis
1083 3459 1174 3523 illitis

78 3551 331 3640 populorumque
346 3577 454 3622 mores
469 3559 704 3640 cognosceret‘l
747 3557 844 3623 Tunc
857 3557 899 3622 de
911 3559 1043 3624 luxurie
1059 3559 1175 3622 Ombi-

80 3651 177 3718 tanim
201 3665 234 3720 et
262 3659 505 3745 Tentyritarum
534 3681 576 3725 ea
603 3663 781 3739 notaverit,
811 3681 887 3746 quae
916 3662 1039 3726 ibidem
1067 3661 1174 3725 refert.

81 3747 167 3820 Certe
190 3763 321 3846 scriptis
344 3766 496 3828 omnibns
527 3765 637 3828 satiris
661 3770 696 3829 et
722 3765 903 3848 publicatis
929 3763 1175 3846 octogenarium

83 3851 211 3934 ‘lectum
226 3863 316 3930 Urbe
330 3867 364 3928 in
379 3867 561 3951 AEgyptum
582 3867 689 3930 fuisso
712 3887 773 3952 per
787 3868 934 3950 speciem
947 3863 1090 3943 honoris,
1112 3865 1177 3930 ibi·

84 3959 237 4128 ffia
256 3967 485 4034 brovistdmum
500 3975 630 4053 tempus
650 3968 757 4035 taedio
769 3967 910 4052 periisse
925 3965 1082 4032 Suetonio
1104 3985 1174 4036 cre·
