2817 4792
190 298 258 369 lot
473 313 522 364 ns
545 311 628 362 ssu.
653 307 811 372 numen,
833 304 1009 369 noslru,

189 467 230 528 ut
243 457 417 536 Horatius,
437 454 712 541 philosophormn
726 458 828 520 saotae
848 453 913 520 fuit
936 453 1125 533 addictus,4
1144 467 1212 516 noe
1225 447 1310 516 isile-
1394 458 1405 499 ιι

190 565 260 628 rior
272 561 415 644 ingenio,
438 578 479 625 ao
502 559 655 643 superior
666 557 783 623 forsan
795 559 966 641 exquisita
980 573 1093 621 rerum
1101 552 1310 638 ‘eognitione
1385 548 1405 600 ²¹¹

190 669 293 747 atque
304 662 464 740 doeuina,
488 661 549 726 sed
563 659 734 726 affectator
757 673 993 744 nonunquam
1007 659 1101 735 artis,
1124 674 1237 741 qnam
1252 653 1313 718 uis·
1394 664 1405 701 ’ῑ

192 763 430 846 diligenterque
448 763 484 826 in
498 763 663 828 rhetorum
676 761 800 826 scholia
813 767 1018 826 exercuerat.
1061 758 1157 824 idem
1169 777 1249 823 non
1261 755 1315 819 iu·
1403 796 1405 805 =

192 871 291 932 nasta
302 870 432 930 tautum
444 865 494 931 rei
517 863 666 948 publicae
679 869 835 949 tempora
843 863 939 942 vidit,
954 861 1014 927 sed
1027 859 1141 926 felicia
1153 879 1316 945 quoqne,

192 967 314 1052 quibus
336 985 379 1032 ea
401 986 446 1032 ex
464 967 618 1032 dinanno
632 966 733 1050 qnasi
751 965 869 1030 morbo
883 983 906 1028 s
919 962 1135 1047 Vespasiano
1157 962 1317 1046 prinam

194 1084 237 1134 ac
247 1067 338 1147 lite,
353 1073 387 1133 et
401 1067 520 1132 deinde
535 1085 557 1130 a
570 1065 698 1145 Nerva,
716 1065 875 1152 vajano,
889 1070 924 1130 et
938 1065 1123 1143 Hadriano,
1146 1063 1314 1128 remediis

195 1169 360 1236 interdum
372 1167 676 1234 vehementioribus
696 1163 856 1245 recreata,
879 1167 1036 1232 omnibns
1055 1165 1125 1231 fere
1147 1167 1315 1250 partibus

195 1271 388 1339 convaluit:
409 1269 498 1335 unde
512 1271 633 1335 satiras
647 1288 795 1353 quoque,
810 1288 895 1353 quas
906 1268 1044 1354 juvenis
1058 1267 1258 1350 scripserat,
1279 1271 1316 1330 et

195 1373 254 1440 din
268 1393 311 1439 ue
323 1373 456 1439 modico
469 1371 605 1457 quidem
617 1371 781 1436 auditorio
795 1371 997 1437 committere
1011 1389 1116 1435 ausus
1130 1375 1215 1448 erat,
1238 1374 1316 1434 tum

195 1476 231 1540 in
243 1474 363 1557 vulgus
377 1479 449 1540 tute
463 1472 573 1552 edere,
583 1476 653 1537 tum
666 1473 807 1556 politius
820 1471 936 1536 limare
950 1473 1070 1555 potnit.
1144 1553 1146 1556 Α

239 1573 296 1640 Ex
307 1573 372 1652 his,
394 1591 471 1656 quae
487 1572 530 1638 de
544 1574 761 1658 temporibus,
783 1573 936 1656 ingeniis,
959 1573 1079 1638 studiis
1092 1574 1316 1658 moribusque

198 1675 344 1755 Horatii,
367 1673 488 1754 Persii,
508 1680 543 1740 et
563 1672 741 1741 luvenalis
754 1675 915 1754 diximus,
928 1675 1027 1741 faeile
1044 1677 1099 1742 vel
1122 1677 1236 1761 oolligi
1257 1675 1317 1741 vel

196 1778 360 1866 explicari
382 1781 523 1864 possunt
544 1777 682 1844 virtutes
706 1782 742 1841 et
764 1775 849 1841 vitia
870 1797 996 1856 eorum,
1022 1785 1092 1843 tam
1116 1779 1315 1844 communiis

197 1899 299 1966 qnam
322 1880 430 1947 cuivis
452 1877 600 1964 propria,
623 1897 700 1964 quae
720 1895 808 1943 nunc
831 1878 948 1944 eedem
969 1879 1134 1946 brevitate
1157 1899 1315 1945 renense-

195 1981 320 2050 bimus.

240 2081 438 2150 'liiumviris
471 2082 605 2168 quidem
631 2081 697 2150 illis
728 2083 900 2150 eonsilium
929 2103 1103 2150 commune
1129 2089 1204 2148 erat
1232 2101 1314 2149 eum

198 2183 352 2252 omuibus
374 2184 485 2269 poetis
499 2181 659 2250 satiricis:
681 2188 717 2249 et
738 2183 858 2249 deone
879 2191 914 2251 et
934 2185 1109 2265 delectare,
1132 2201 1314 2270 morasque

198 2287 367 2354 hominum
382 2293 540 2373 tanquam
558 2289 592 2354 iu
606 2285 700 2372 pieta
713 2287 830 2352 tabula
843 2286 1051 2367 adumbrare,
1075 2287 1132 2352 sed
1147 2289 1248 2354 varia
1260 2305 1314 2352 ra·

200 2390 298 2468 tione,
319 2409 381 2473 pro
395 2397 579 2475 temporum
593 2389 861 2474 ingeniorumque
874 2389 1078 2466 diversitate,
1093 2389 1313 2454 sonabantur.

200 2487 293 2554 Nam
306 2487 450 2574 Augusti
463 2496 571 2571 aetate,
585 2493 685 2558 rebus
697 2491 806 2556 adhue
818 2491 907 2557 letis
916 2496 951 2556 et
961 2491 1102 2576 imperio
1111 2490 1315 2575 legibusque
1403 2536 1404 2575 4

200 2589 400 2674 vigentibus,
422 2590 530 2656 ridere
543 2591 683 2671 licebat3
706 2589 856 2655 Neronis
870 2610 950 2656 vero
971 2596 1005 2656 et
1027 2591 1215 2656 Domitiani
1230 2597 1315 2656 tem·

200 2692 353 2776 poribus,
367 2711 444 2758 eum
457 2693 570 2758 omnia
590 2711 729 2778 pessum
741 2693 837 2770 irent,
851 2691 999 2777 vitiaque
1012 2693 1047 2757 in
1061 2693 1227 2778 precipiti
1238 2695 1315 2779 jam

201 2797 326 2860 starem
347 2799 382 2860 et
403 2795 535 2860 acribus
555 2799 615 2860 ant
637 2795 792 2862 violentis
812 2800 946 2878 egerent
961 2793 1126 2874 remediis,
1143 2792 1193 2880 (v.
1207 2791 1231 2859 J
1234 2813 1317 2858 uve-
1403 2856 1404 2881 ,

201 2895 269 2963 nei.
294 2913 319 2962 ι.
340 2897 395 2964 45.
415 2918 467 2982 sq.
500 2897 555 2964 63.
576 2916 629 2982 sq.
659 2897 716 2964 73.
736 2916 789 2982 sq.
820 2897 896 2963 147.
910 2913 964 2982 sq.
998 2914 1041 2962 ιι.
1066 2896 1121 2962 25.
1143 2916 1198 2980 sq.
1230 2895 1315 2962 121.

203 3015 256 3082 sq.
289 2997 366 3064 162.
387 3015 444 3081 sq.
473 3013 530 3063 ιιι.
556 2998 632 3064 150.
658 2994 730 3083 sq.)
765 2998 837 3062 risu
860 3017 978 3082 parum
1000 2998 1247 3084 proiciebatur,
1279 3006 1318 3062 et

203 3097 301 3182 probi
336 3098 561 3184 sapientisque
595 3099 740 3166 hominis
767 3119 861 3164 mens
887 3101 1064 3184 angebatur
1092 3098 1220 3178 dolore,
1254 3100 1317 3184 qui
1403 3108 1404 3151 ³

203 3197 264 3264 diu
293 3197 425 3282 alteque
458 3217 594 3286 pressus
621 3199 666 3266 ad
694 3199 953 3284 indignationem
978 3208 1014 3268 et
1038 3201 1123 3267 iram
1154 3201 1317 3268 exardes-
1403 3156 1405 3307 J

202 3301 315 3366 oebat.
358 3298 528 3370 Preteres
552 3301 687 3370 Horatii
709 3301 877 3385 ingenium
891 3301 1211 3386 elegantissimorum
1224 3304 1319 3388 puin·
1403 3314 1404 3377 ἴ

205 3401 386 3487 eipumque
398 3403 543 3470 virorum
556 3403 782 3470 familiaritate
795 3405 983 3484 subactum,
1005 3411 1039 3471 et
1051 3402 1096 3469 ad
1114 3403 1319 3470 hilaritatem

205 3503 406 3591 propensius
420 3511 491 3572 erat
505 3525 607 3592 quam
627 3507 670 3573 ad
685 3507 893 3590 gravitatem.
937 3504 1034 3572 Idem
1047 3525 1182 3591 quoqne
1195 3525 1317 3572 censo·

705 3657 813 3710 sors

208 3757 301 3816 gentes
311 3747 394 3803 veluti
405 3751 540 3818 pestilenti
550 3751 661 3820 quodm
672 3752 741 3806 side·
779 3753 891 3816 enituit;
907 3753 955 3805 sed
965 3753 1053 3805 onnia
1064 3751 1137 3818 qnasi
1153 3751 1249 3804 eadem
1259 3753 1316 3804 cibe

208 3840 238 3884 ιο
258 3825 367 3892 afflavit,
397 3827 524 3896 simulque
545 3837 669 3895 corrupta
688 3829 743 3882 elo·
779 3836 917 3894 petenen
932 3828 1318 3896 potaarnntnsqneadsanse·
1403 3888 1404 3899 χ

206 3903 323 3968 quantia
343 3905 434 3970 regula
458 3903 535 3956 stetit
552 3910 582 3955 at
602 3905 741 3956 obmutuit.
780 3911 863 3958 tutem
875 3905 1088 3959 mneseem'eet·
1403 3904 1404 3983 i

209 3977 276 4032 Quis
288 3981 420 4042 posteaad
437 3993 561 4034 summam
572 3981 743 4048 i'hucydidis,
811 3983 878 4033 tv.
896 3982 992 4034 Horat.
1013 3981 1101 4046 Epist.
1117 3995 1138 4033 ι.
1149 3984 1226 4034 101⁸.
1237 3996 1277 4048 sq.
1289 3987 1316 4034 et

208 4051 267 4120 quia
278 4051 422 4120 Hyperidis
433 4058 467 4120 ad
478 4054 573 4110 famam
593 4059 743 4125 prooessit?
779 4059 902 4112 lamna
910 4071 973 4112 sm.
984 4061 1040 4111 121.
1048 4071 1089 4126 sq.

210 4127 252 4186 Ae
271 4142 305 4184 ne
322 4141 427 4188 umen
445 4134 549 4202 guidem
562 4135 627 4210 *nni
647 4134 743 4190 eoloris
786 4195 792 4202 ,
