2817 4792
202 307 245 376 Si
308 391 310 395 v
641 325 689 372 nu
713 323 852 372 serres

200 473 330 556 nysius,
350 468 455 553 quiet
467 469 585 554 populi
599 467 747 532 Romani
766 451 973 534 et'omniun
986 466 1061 551 eius
1071 471 1196 535 rituum
1212 474 1311 556 origi-
1404 478 1408 517 ³

201 591 275 636 nem
290 591 311 634 a
325 567 456 635 Graecis
470 569 614 648 deducit,
629 569 704 632 illos
722 569 765 631 ab
786 565 905 632 iisdem
920 569 1022 634 tradit
1044 571 1132 636 hunc
1147 573 1312 638 ascivisse
1406 596 1408 607 ·

203 691 339 748 morem,
354 671 438 734 utin
452 669 688 733 vetustissimis
709 668 947 750 triumphorum
969 674 1103 755 pompis
1127 693 1196 738 non
1209 673 1312 738 modo

203 773 364 842 exercitus
376 769 482 834 victor
491 770 719 852 imperatorem
737 768 1001 851 triumphantem,
1012 773 1185 838 sedetiam
1203 773 1315 861 Satyri

205 889 434 955 quoscumque
445 875 648 952 spectatores
661 867 752 951 jocis
775 867 939 952 dictisque
960 873 1188 953 petulantibus
1205 875 1315 938 laces·

202 973 326 1049 sierint,
342 991 442 1056 quam
457 967 590 1056 κᾶρτομοο
599 969 648 1032 καὶ
662 970 816 1054 σατυρικὴν
825 967 940 1032 παιδίαν
953 973 1110 1055 appellat.
1154 974 1219 1038 Ille
1231 994 1312 1039 vero

204 1093 269 1138 uon
283 1093 305 1138 a
324 1073 456 1138 Grmcis
469 1070 667 1154 repetendus
691 1075 753 1146 est,
775 1069 837 1134 sed
857 1070 902 1133 ab
926 1072 1170 1156 antiquissimis
1184 1077 1313 1159 potius
1402 1142 1404 1154 ,

202 1176 402 1258 temporibus
417 1167 645 1255 similibusque
666 1171 851 1253 priscorum
871 1170 1030 1239 festorum
1051 1180 1087 1236 et
1106 1193 1310 1259 pomparum
1402 1214 1405 1229 ·

202 1276 402 1354 solennibus,
411 1275 456 1338 do
470 1275 591 1358 quibus
606 1291 709 1356 supra
720 1271 807 1349 dixi,
823 1279 858 1336 et
872 1273 993 1337 exinde
1005 1273 1080 1356 jam
1092 1276 1246 1356 viguisse
1261 1279 1312 1340 vi·
1406 1262 1407 1299 ³

204 1376 300 1444 detur
309 1395 376 1442 non
390 1377 477 1440 elius
491 1394 576 1450 mos,
597 1393 699 1457 quam
721 1375 912 1438 notissimus
926 1374 995 1452 ille,
1013 1362 1111 1458 quem
1126 1377 1313 1462 Dionysius

203 1476 316 1541 seriori
330 1481 456 1539 tanum
473 1495 547 1540 aevo
562 1476 694 1544 enuit:
717 1480 761 1537 ve
777 1477 806 1538 a
827 1474 974 1560 ηομ...
988 1477 1102 1560 seeum
1118 1477 1309 1564 essexae,
1406 1452 1408 1477 '

132 1620 137 1629 =
204 1577 403 1642 heversus
411 1575 598 1642 inconditos
609 1580 643 1638 et
654 1574 868 1639 Fescenninis
878 1577 1042 1640 similes*
1065 1575 1241 1643 Praeterea
1249 1579 1311 1644 Sa-

203 1684 293 1762 tyros
308 1677 385 1742 illos
399 1697 465 1741 non
478 1678 544 1740 nisi
559 1675 684 1741 Mimos
696 1675 812 1755 fuisse,
827 1697 874 1741 ex
886 1678 939 1741 his
954 1677 1029 1761 ejus
1048 1680 1158 1744 verbis
1172 1699 1311 1762 cognos-

205 1779 309 1843 citur:
325 1775 399 1840 οὗτοι
410 1778 437 1840 δὲ
448 1777 572 1864 Σάτυροι
584 1773 788 1840 κατέσκωπτόν
797 1802 828 1839 τε
839 1779 888 1838 καὶ
899 1784 1104 1860 κατεμιμοῦντο
1113 1783 1167 1852 τὰς
1178 1777 1312 1843 mutat·

203 1875 472 1960 asxrrq'cessssrlroi
486 1876 655 1964 γολοοὸτοςα
665 1878 879 1962 μεταφέροντες.
900 1877 1111 1961 Nequeillud
1124 1881 1311 1958 mirabitur,
1381 1910 1386 1921 ’

203 1982 261 2065 qui
275 1979 468 2056 meminerit,
479 1998 544 2043 nou
555 1984 682 2043 tantum
697 1977 840 2042 Graecas
856 1998 956 2042 voces
970 1979 1100 2068 adrogo,
1110 1978 1269 2066 sareptha
1278 1987 1312 2046 et

205 2082 356 2172 σατυρικὸς
375 2079 417 2144 ed
432 2099 546 2144 omnes
559 2098 718 2162 personas
733 2084 767 2142 et
779 2099 833 2144 res
844 2080 1013 2162 joculares
1023 2087 1123 2165 etque
1136 2082 1310 2148 hilaritatis
1406 2118 1407 2123 ο

201 2203 318 2270 parum
331 2181 477 2245 honestae
487 2181 601 2262 plenus
616 2178 824 2256 bmssem,⁴²
840 2179 898 2243 sed
915 2179 1041 2245 Mimos
1056 2181 1160 2246 etiam
1172 2187 1206 2246 et
1221 2183 1310 2246 Pan·
1406 2166 1407 2173 ἵ

202 2285 357 2348 tomirnos
371 2301 464 2364 saepe
483 2289 552 2345 tum
576 2278 726 2345 induisse
745 2299 908 2361 personas
934 2279 1127 2364 Satyrorum
1149 2282 1309 2349 ridicun
1406 2334 1407 2363 2

203 2392 271 2451 tum
285 2387 404 2468 egisse.
447 2385 539 2450 Hinc
555 2403 687 2466 quoque
711 2383 755 2446 ad
778 2383 899 2446 mimos
924 2383 1047 2466 potius,
1074 2403 1176 2467 qnam
1190 2384 1235 2448 ad
1258 2383 1309 2448 ta·

203 2487 301 2550 bulas
315 2489 387 2550 sive
404 2487 566 2568 satyricas
581 2485 652 2548 sive
666 2481 850 2560 Atellanas,
865 2482 1031 2548 retulerim
1054 2484 1132 2548 loca
1151 2484 1310 2549 Athenaei
1406 2482 1407 2493 ’

203 2591 236 2650 et
251 2586 352 2649 Marii
365 2585 544 2657 Victorini,
558 2603 633 2665 quse
651 2602 753 2665 supra
774 2582 922 2646 laudavi.
968 2583 1038 2648 Hic
1052 2585 1146 2648 affert
1169 2605 1306 2649 versum
1406 2572 1407 2637 ἶ

203 2688 382 2752 iambicum
396 2685 587 2749 dimetrum:
620 2687 629 2715 ‘
646 2680 759 2764 Agite,
781 2682 895 2764 sugite,
917 2685 1054 2765 quadie,
1074 2685 1185 2770 Satyri
1198 2685 1220 2764 3'
1240 2705 1310 2770 quo
1406 2728 1407 2733 ο

205 2787 303 2852 mem
322 2787 447 2852 factum
461 2803 535 2850 esse
549 2784 664 2858 mimo,
687 2782 862 2868 probabile
875 2783 912 2847 tit
926 2802 972 2847 ex
986 2782 1059 2848 Cic.
1073 2805 1135 2867 pro
1149 2784 1263 2852 Coelio
1278 2809 1309 2852 c.

203 2889 257 2952 27.
280 2893 290 2921 ‘
307 2889 404 2952 Mimi
422 2888 496 2970 jam
523 2886 636 2949 esitus
651 2887 713 2960 est,
729 2901 798 2946 non
811 2881 956 2947 tabulae:
989 2886 1024 2948 iu
1045 2905 1203 2968 quocum
1218 2887 1310 2954 cleu·

203 2989 279 3052 sula
304 3006 371 3051 nou
392 2986 567 3060 invenitur,
592 2985 680 3065 sugit
705 2983 827 3065 aliquis
857 3003 876 3045 e
903 2985 1072 3063 manibus,
1092 2986 1211 3052 deinde
1234 3008 1310 3054 sca-
1406 3060 1407 3063 Ἴ

201 3087 291 3152 bella
305 3091 517 3168 concrepant,
530 3085 673 3149 eulaeum
695 3081 869 3147 tollitur.’⁴³
915 3083 977 3148 Ille
991 3093 1163 3165 memorat,
1179 3089 1310 3154 Sullam

704 3231 810 3283 NOTAE

204 3329 311 3397 clrenb.)
327 3332 432 3382 Horatii
452 3337 531 3382 aetste
551 3331 635 3382 Oscae
647 3346 737 3396 perso·
777 3331 845 3379 intra
856 3330 955 3380 corrsilii
968 3329 1034 3380 fines
1046 3331 1160 3382 steterit.

202 3424 250 3460 nas
260 3412 286 3458 iu
296 3409 411 3458 Romana
419 3421 497 3458 scena
504 3410 602 3471 Satyris
611 3407 735 3467 cessisse,
809 3410 841 3455 tr
850 3405 892 3456 Cf.
905 3407 1024 3457 Nadelln
1033 3407 1102 3457 Hist.
1109 3408 1142 3457 de
1151 3407 1256 3458 l'Acad.
1264 3409 1309 3460 des

204 3487 251 3536 sed
263 3484 417 3536 Eicbstaedt
426 3499 452 3548 p.
465 3487 505 3533 78.
519 3483 669 3544 Horatium,
681 3497 736 3531 sce·
778 3481 861 3533 lusor.
875 3483 905 3532 Τ.
917 3496 960 3532 rrr.
971 3498 998 3546 p.
1017 3487 1058 3534 96.
1086 3484 1197 3534 Cmub.
1214 3500 1243 3549 p.
1253 3490 1309 3536 24⁴.

170 3589 179 3598 =
203 3563 271 3612 nicae
282 3559 398 3626 poeseos,
413 3558 550 3623 quainter
561 3557 690 3606 Romanos
700 3558 737 3606 vi·
780 3564 807 3607 et
817 3558 970 3608 Eicbsteedt
981 3574 1008 3622 p.
1020 3563 1060 3608 54.
1072 3564 1112 3608 55.
1304 3563 1307 3566 ⁴

203 3637 298 3702 guerit,
318 3631 578 3697 intelligentissimnm
600 3637 628 3680 et
649 3645 737 3680 censo·
809 3639 842 3684 42
860 3633 901 3685 Cf.
912 3635 1058 3686 casaubon.
1068 3650 1094 3698 p.
1105 3638 1148 3698 er,
1157 3638 1198 3685 05.
1217 3635 1310 3687 Heins.

203 3729 258 3764 reru
286 3721 314 3764 et
341 3709 544 3768 emendatorem,
573 3706 682 3754 iussisse
708 3707 735 3756 id
776 3724 803 3774 p.
815 3715 855 3760 la.
868 3711 942 3760 Voss.
953 3711 1019 3760 inst.
1031 3711 1107 3762 Poiit.
1116 3725 1147 3760 ιι.
1160 3717 1200 3762 ιο.

205 3789 355 3854 aequalibus,
373 3791 403 3835 ut
420 3785 514 3833 relicte
533 3781 656 3832 Oscarunr
679 3796 736 3845 per·
809 3789 840 3835 tt
860 3787 901 3835 lle
910 3786 1016 3836 scabellis
1026 3802 1045 3835 ο.
1055 3787 1158 3837 scubilio
1170 3803 1311 3854 eorumque

204 3879 324 3914 sonarum
333 3860 497 3926 ignobilitate
511 3857 618 3907 Grecos
627 3857 736 3921 Satyros
775 3861 879 3925 crepitu
897 3877 922 3911 v.
939 3862 1044 3912 Ernesti
1055 3864 1119 3912 clav,
1138 3865 1195 3916 cic,
1213 3873 1242 3916 et
1254 3867 1313 3916 zie.

203 3939 407 3998 introducerent,
426 3936 558 4002 paululnm
578 3943 664 3983 tamen
676 3934 735 3984 illos
776 3938 833 4002 qler
844 3938 877 3987 de
890 3938 977 3987 Mimis
989 3939 1063 3988 Rom.
1076 3954 1103 4002 p.
1113 3944 1154 3989 2⁶.
1181 3942 1311 3992 Deversu

204 4014 299 4078 politos
310 4019 338 4061 et
353 4013 384 4061 ad
404 4011 491 4061 emenii
510 4011 665 4075 elegantiam
685 4008 736 4066 for·
777 4022 863 4064 entem
874 4014 928 4077 illo,
938 4029 1016 4081 quem
1033 4030 1065 4063 ex
1076 4014 1164 4065 tabula
1172 4017 1310 4081 aliqum-

203 4095 304 4148 rnatos;
332 4085 459 4136 incertum
478 4095 564 4136 autera
583 4101 641 4136 esse
653 4086 735 4149 uobis,
777 4087 863 4153 tyrius
882 4089 995 4153 petitum
1014 4088 1144 4155 putabant
1159 4093 1309 4159 Cusubp.

204 4155 290 4216 utrium
310 4178 342 4214 ca
357 4177 398 4214 res
419 4169 541 4212 eventum
557 4163 685 4228 habuerit,
701 4179 735 4214 au
776 4167 834 4215 248.
860 4165 955 4230 Koeulg
971 4171 1050 4230 p.2t.
1067 4167 1157 4231 etalii,
1173 4167 1310 4236 itadispn·
