<?xml version="1.0" encoding="UTF-8"?>
<!DOCTYPE html PUBLIC "-//W3C//DTD XHTML 1.0 Transitional//EN"
    "http://www.w3.org/TR/xhtml1/DTD/xhtml1-transitional.dtd">
<html xmlns="http://www.w3.org/1999/xhtml" xml:lang="en" lang="en">
 <head>
  <title>
</title>
<meta http-equiv="Content-Type" content="text/html;charset=utf-8" />
  <meta name='ocr-system' content='tesseract 3.04.00' />
  <meta name='ocr-capabilities' content='ocr_page ocr_carea ocr_par ocr_line ocrx_word'/>
</head>
<body>
  <div class='ocr_page' id='page_1' title='image "./djuniijuvenalis04persgoog_0115.png"; bbox 0 0 2817 4792; ppageno 0'>
   <div class='ocr_carea' id='block_1_1' title="bbox 418 409 1184 486">
    <p class='ocr_par' dir='ltr' id='par_1_1' title="bbox 418 409 1184 486">
     <span class='ocr_line' id='line_1_1' title="bbox 418 409 1184 486; baseline 0.003 -14"><span class='ocrx_word' id='word_1_1' title='bbox 418 423 555 486; x_wconf 83' lang='lat' dir='ltr'><strong>rsasrr,</strong></span> <span class='ocrx_word' id='word_1_2' title='bbox 579 423 627 472; x_wconf 83' lang='lat' dir='ltr'><strong>rr</strong></span> <span class='ocrx_word' id='word_1_3' title='bbox 649 421 875 474; x_wconf 70' lang='lat' dir='ltr'><strong>aurasius.</strong></span> <span class='ocrx_word' id='word_1_4' title='bbox 1119 409 1184 474; x_wconf 86' lang='lat' dir='ltr'><strong>lol</strong></span> 
     </span>
    </p>
   </div>
   <div class='ocr_carea' id='block_1_2' title="bbox 72 561 1189 1062">
    <p class='ocr_par' dir='ltr' id='par_1_2' title="bbox 72 561 1189 1062">
     <span class='ocr_line' id='line_1_2' title="bbox 73 561 1186 652; baseline 0.002 -20"><span class='ocrx_word' id='word_1_5' title='bbox 73 567 333 652; x_wconf 73' lang='lat' dir='ltr'><strong>mbanquiilmn</strong></span> <span class='ocrx_word' id='word_1_6' title='bbox 354 567 489 651; x_wconf 89' lang='lat' dir='ltr'><strong>quidem</strong></span> <span class='ocrx_word' id='word_1_7' title='bbox 510 566 722 650; x_wconf 72' lang='lat' dir='ltr'>redigebatur</span> <span class='ocrx_word' id='word_1_8' title='bbox 741 566 931 650; x_wconf 81' lang='lat' dir='ltr'><strong>tingalitatc</strong></span> <span class='ocrx_word' id='word_1_9' title='bbox 948 561 1131 650; x_wconf 73' lang='lat' dir='ltr'><strong>Vespasiani</strong></span> <span class='ocrx_word' id='word_1_10' title='bbox 1147 575 1186 634; x_wconf 84' lang='lat' dir='ltr'><strong>&#39;et</strong></span> 
     </span>
     <span class='ocr_line' id='line_1_3' title="bbox 72 667 1186 756; baseline 0 -20"><span class='ocrx_word' id='word_1_11' title='bbox 72 669 269 736; x_wconf 86' lang='lat' dir='ltr'><strong>liberalitate</strong></span> <span class='ocrx_word' id='word_1_12' title='bbox 295 667 374 747; x_wconf 82' lang='lat' dir='ltr'><strong>Titi,</strong></span> <span class='ocrx_word' id='word_1_13' title='bbox 396 671 519 735; x_wconf 87' lang='lat' dir='ltr'><strong>amoris</strong></span> <span class='ocrx_word' id='word_1_14' title='bbox 542 676 640 756; x_wconf 90' lang='lat' dir='ltr'><strong>atque</strong></span> <span class='ocrx_word' id='word_1_15' title='bbox 665 669 859 736; x_wconf 88' lang='lat' dir='ltr'><strong>deliciarum</strong></span> <span class='ocrx_word' id='word_1_16' title='bbox 879 671 1008 754; x_wconf 79' lang='lat' dir='ltr'><strong>generis</strong></span> <span class='ocrx_word' id='word_1_17' title='bbox 1029 669 1186 752; x_wconf 81' lang='lat' dir='ltr'><strong>bumani3</strong></span> 
     </span>
     <span class='ocr_line' id='line_1_4' title="bbox 74 769 1188 856; baseline 0.002 -20"><span class='ocrx_word' id='word_1_18' title='bbox 74 773 129 836; x_wconf 85' lang='lat' dir='ltr'><strong>sed</strong></span> <span class='ocrx_word' id='word_1_19' title='bbox 142 792 225 836; x_wconf 85' lang='lat' dir='ltr'><strong>mox</strong></span> <span class='ocrx_word' id='word_1_20' title='bbox 240 773 385 838; x_wconf 83' lang='lat' dir='ltr'><strong>avaritia</strong></span> <span class='ocrx_word' id='word_1_21' title='bbox 398 779 432 837; x_wconf 91' lang='lat' dir='ltr'><strong>et</strong></span> <span class='ocrx_word' id='word_1_22' title='bbox 453 771 646 838; x_wconf 86' lang='lat' dir='ltr'><strong>crudelitate</strong></span> <span class='ocrx_word' id='word_1_23' title='bbox 663 769 843 836; x_wconf 79' lang='lat' dir='ltr'><strong>Domiticra&#39;</strong></span> <span class='ocrx_word' id='word_1_24' title='bbox 855 773 973 837; x_wconf 91' lang='lat' dir='ltr'><strong>iterum</strong></span> <span class='ocrx_word' id='word_1_25' title='bbox 986 773 1188 856; x_wconf 77' lang='lat' dir='ltr'><strong>profligaba-</strong></span> 
     </span>
     <span class='ocr_line' id='line_1_5' title="bbox 75 874 1187 960; baseline 0.002 -22"><span class='ocrx_word' id='word_1_26' title='bbox 75 877 135 952; x_wconf 90' lang='lat' dir='ltr'><strong>tur,</strong></span> <span class='ocrx_word' id='word_1_27' title='bbox 158 893 274 959; x_wconf 89' lang='lat' dir='ltr'><strong>neque</strong></span> <span class='ocrx_word' id='word_1_28' title='bbox 299 875 385 939; x_wconf 83' lang='lat' dir='ltr'><strong>serre</strong></span> <span class='ocrx_word' id='word_1_29' title='bbox 405 881 535 960; x_wconf 89' lang='lat' dir='ltr'><strong>poterat</strong></span> <span class='ocrx_word' id='word_1_30' title='bbox 562 874 820 940; x_wconf 84' lang='lat' dir='ltr'><strong>munificentiam</strong></span> <span class='ocrx_word' id='word_1_31' title='bbox 845 880 879 940; x_wconf 91' lang='lat' dir='ltr'><strong>et</strong></span> <span class='ocrx_word' id='word_1_32' title='bbox 905 875 1187 940; x_wconf 86' lang='lat' dir='ltr'><strong>mansuetudinem</strong></span> 
     </span>
     <span class='ocr_line' id='line_1_6' title="bbox 78 973 1189 1062; baseline 0.005 -25"><span class='ocrx_word' id='word_1_33' title='bbox 78 973 194 1056; x_wconf 68' lang='lat' dir='ltr'><strong>Neron,</strong></span> <span class='ocrx_word' id='word_1_34' title='bbox 210 997 291 1060; x_wconf 76' lang='lat' dir='ltr'><strong>quae</strong></span> <span class='ocrx_word' id='word_1_35' title='bbox 316 979 494 1043; x_wconf 70' lang='lat' dir='ltr'><strong>contemni</strong></span> <span class='ocrx_word' id='word_1_36' title='bbox 516 978 730 1043; x_wconf 78' lang='lat' dir='ltr'><strong>habebantur.</strong></span> <span class='ocrx_word' id='word_1_37' title='bbox 774 977 878 1044; x_wconf 86' lang='lat' dir='ltr'><strong>Nova</strong></span> <span class='ocrx_word' id='word_1_38' title='bbox 895 979 927 1042; x_wconf 89' lang='lat' dir='ltr'><strong>ei</strong></span> <span class='ocrx_word' id='word_1_39' title='bbox 950 978 1011 1044; x_wconf 83' lang='lat' dir='ltr'><strong>lux</strong></span> <span class='ocrx_word' id='word_1_40' title='bbox 1034 979 1189 1062; x_wconf 76' lang='lat' dir='ltr'><strong>affulgere</strong></span> 
     </span>
    </p>
   </div>
   <div class='ocr_carea' id='block_1_3' title="bbox 76 1075 1203 4113">
    <p class='ocr_par' dir='ltr' id='par_1_3' title="bbox 76 1075 1203 4113">
     <span class='ocr_line' id='line_1_7' title="bbox 77 1075 1187 1166; baseline 0.002 -24"><span class='ocrx_word' id='word_1_41' title='bbox 77 1079 174 1162; x_wconf 74' lang='lat' dir='ltr'><strong>coeqrit</strong></span> <span class='ocrx_word' id='word_1_42' title='bbox 187 1078 269 1144; x_wconf 89' lang='lat' dir='ltr'><strong>iude</strong></span> <span class='ocrx_word' id='word_1_43' title='bbox 284 1079 329 1144; x_wconf 90' lang='lat' dir='ltr'><strong>ab</strong></span> <span class='ocrx_word' id='word_1_44' title='bbox 344 1099 376 1144; x_wconf 91' lang='lat' dir='ltr'><strong>a.</strong></span> <span class='ocrx_word' id='word_1_45' title='bbox 387 1077 431 1142; x_wconf 90' lang='lat' dir='ltr'><strong>U.</strong></span> <span class='ocrx_word' id='word_1_46' title='bbox 441 1099 471 1143; x_wconf 91' lang='lat' dir='ltr'><strong>c.</strong></span> <span class='ocrx_word' id='word_1_47' title='bbox 485 1079 563 1144; x_wconf 82' lang='lat'><strong>850.</strong></span> <span class='ocrx_word' id='word_1_48' title='bbox 577 1079 788 1160; x_wconf 69' lang='lat' dir='ltr'><strong>regnantibus</strong></span> <span class='ocrx_word' id='word_1_49' title='bbox 804 1075 941 1166; x_wconf 71' lang='lat' dir='ltr'><strong>Trcp&#39;oro</strong></span> <span class='ocrx_word' id='word_1_50' title='bbox 954 1083 988 1143; x_wconf 93' lang='lat' dir='ltr'><strong>et</strong></span> <span class='ocrx_word' id='word_1_51' title='bbox 999 1076 1187 1144; x_wconf 74' lang='lat' dir='ltr'><strong>Hadriano.</strong></span> 
     </span>
     <span class='ocr_line' id='line_1_8' title="bbox 76 1177 1188 1264; baseline 0.001 -21"><span class='ocrx_word' id='word_1_52' title='bbox 76 1177 134 1244; x_wconf 84' lang='lat' dir='ltr'><strong>ille</strong></span> <span class='ocrx_word' id='word_1_53' title='bbox 147 1180 337 1247; x_wconf 85' lang='lat' dir='ltr'><strong>libertatem</strong></span> <span class='ocrx_word' id='word_1_54' title='bbox 351 1199 391 1245; x_wconf 88' lang='lat' dir='ltr'><strong>ac</strong></span> <span class='ocrx_word' id='word_1_55' title='bbox 406 1181 557 1258; x_wconf 86' lang='lat' dir='ltr'><strong>salutem,</strong></span> <span class='ocrx_word' id='word_1_56' title='bbox 571 1179 780 1245; x_wconf 72' lang='lat' dir='ltr'><strong>securitatem</strong></span> <span class='ocrx_word' id='word_1_57' title='bbox 793 1185 894 1264; x_wconf 88' lang='lat' dir='ltr'><strong>atque</strong></span> <span class='ocrx_word' id='word_1_58' title='bbox 908 1181 1013 1245; x_wconf 89' lang='lat' dir='ltr'><strong>otium</strong></span> <span class='ocrx_word' id='word_1_59' title='bbox 1024 1181 1188 1245; x_wconf 81' lang='lat' dir='ltr'><strong>universis</strong></span> 
     </span>
     <span class='ocr_line' id='line_1_9' title="bbox 77 1279 1190 1366; baseline 0.003 -23"><span class='ocrx_word' id='word_1_60' title='bbox 77 1286 108 1344; x_wconf 89' lang='lat' dir='ltr'><strong>et</strong></span> <span class='ocrx_word' id='word_1_61' title='bbox 133 1281 277 1364; x_wconf 78' lang='lat' dir='ltr'><strong>abigulis</strong></span> <span class='ocrx_word' id='word_1_62' title='bbox 307 1279 475 1360; x_wconf 89' lang='lat' dir='ltr'><strong>reddebat,</strong></span> <span class='ocrx_word' id='word_1_63' title='bbox 498 1287 532 1346; x_wconf 89' lang='lat' dir='ltr'><strong>et</strong></span> <span class='ocrx_word' id='word_1_64' title='bbox 558 1281 737 1366; x_wconf 89' lang='lat' dir='ltr'><strong>imperinm</strong></span> <span class='ocrx_word' id='word_1_65' title='bbox 758 1287 827 1345; x_wconf 88' lang='lat' dir='ltr'><strong>tam</strong></span> <span class='ocrx_word' id='word_1_66' title='bbox 849 1281 933 1345; x_wconf 92' lang='lat' dir='ltr'><strong>bene</strong></span> <span class='ocrx_word' id='word_1_67' title='bbox 955 1286 989 1346; x_wconf 89' lang='lat' dir='ltr'><strong>et</strong></span> <span class='ocrx_word' id='word_1_68' title='bbox 1015 1281 1190 1346; x_wconf 85' lang='lat' dir='ltr'><strong>clementer</strong></span> 
     </span>
     <span class='ocr_line' id='line_1_10' title="bbox 77 1381 1188 1460; baseline 0.003 -16"><span class='ocrx_word' id='word_1_69' title='bbox 77 1381 339 1460; x_wconf 77' lang='lat' dir='ltr'><strong>administrabat,</strong></span> <span class='ocrx_word' id='word_1_70' title='bbox 364 1389 400 1448; x_wconf 90' lang='lat' dir='ltr'><strong>ut</strong></span> <span class='ocrx_word' id='word_1_71' title='bbox 428 1389 561 1448; x_wconf 76' lang='lat' dir='ltr'><strong>senatis</strong></span> <span class='ocrx_word' id='word_1_72' title='bbox 584 1382 719 1448; x_wconf 89' lang='lat' dir='ltr'><strong>decreto</strong></span> <span class='ocrx_word' id='word_1_73' title='bbox 741 1388 776 1448; x_wconf 92' lang='lat' dir='ltr'><strong>et</strong></span> <span class='ocrx_word' id='word_1_74' title='bbox 794 1385 1019 1448; x_wconf 76' lang='lat' dir='ltr'><strong>consentiente</strong></span> <span class='ocrx_word' id='word_1_75' title='bbox 1041 1381 1188 1447; x_wconf 89' lang='lat' dir='ltr'><strong>omnium</strong></span> 
     </span>
     <span class='ocr_line' id='line_1_11' title="bbox 76 1481 1189 1569; baseline 0.003 -24"><span class='ocrx_word' id='word_1_76' title='bbox 76 1499 156 1548; x_wconf 81' lang='lat' dir='ltr'><strong>voce</strong></span> <span class='ocrx_word' id='word_1_77' title='bbox 172 1481 324 1569; x_wconf 71' lang='lat' dir='ltr'><strong>Optimae</strong></span> <span class='ocrx_word' id='word_1_78' title='bbox 338 1485 576 1568; x_wconf 86' lang='lat' dir='ltr'><strong>appellaretur:</strong></span> <span class='ocrx_word' id='word_1_79' title='bbox 598 1485 653 1548; x_wconf 90' lang='lat' dir='ltr'><strong>bic</strong></span> <span class='ocrx_word' id='word_1_80' title='bbox 677 1485 809 1568; x_wconf 79' lang='lat' dir='ltr'><strong>legibus</strong></span> <span class='ocrx_word' id='word_1_81' title='bbox 832 1486 1000 1550; x_wconf 68' lang='lat' dir='ltr'><strong>ciritum</strong></span> <span class='ocrx_word' id='word_1_82' title='bbox 1014 1483 1189 1562; x_wconf 84' lang='lat' dir='ltr'><strong>condebat,</strong></span> 
     </span>
     <span class='ocr_line' id='line_1_12' title="bbox 77 1585 1190 1672; baseline 0.003 -24"><span class='ocrx_word' id='word_1_83' title='bbox 77 1585 271 1666; x_wconf 81' lang='lat' dir='ltr'><strong>provincias</strong></span> <span class='ocrx_word' id='word_1_84' title='bbox 294 1593 328 1650; x_wconf 89' lang='lat' dir='ltr'><strong>et</strong></span> <span class='ocrx_word' id='word_1_85' title='bbox 346 1587 494 1658; x_wconf 75' lang='lat' dir='ltr'><strong>literatos</strong></span> <span class='ocrx_word' id='word_1_86' title='bbox 514 1585 714 1650; x_wconf 86' lang='lat' dir='ltr'><strong>liberalitate</strong></span> <span class='ocrx_word' id='word_1_87' title='bbox 738 1586 946 1666; x_wconf 79' lang='lat' dir='ltr'><strong>sublevabat,</strong></span> <span class='ocrx_word' id='word_1_88' title='bbox 965 1587 1106 1672; x_wconf 86' lang='lat' dir='ltr'><strong>judicia,</strong></span> <span class='ocrx_word' id='word_1_89' title='bbox 1119 1605 1190 1651; x_wconf 86' lang='lat' dir='ltr'><strong>rem</strong></span> 
     </span>
     <span class='ocr_line' id='line_1_13' title="bbox 78 1687 1191 1772; baseline 0.004 -21"><span class='ocrx_word' id='word_1_90' title='bbox 78 1687 252 1752; x_wconf 81' lang='lat' dir='ltr'><strong>militarem</strong></span> <span class='ocrx_word' id='word_1_91' title='bbox 281 1688 555 1772; x_wconf 81' lang='lat' dir='ltr'><strong>disciplinamque</strong></span> <span class='ocrx_word' id='word_1_92' title='bbox 584 1687 835 1771; x_wconf 83' lang='lat' dir='ltr'><strong>diligentissime</strong></span> <span class='ocrx_word' id='word_1_93' title='bbox 863 1690 1094 1754; x_wconf 83' lang='lat' dir='ltr'><strong>constituebat.</strong></span> <span class='ocrx_word' id='word_1_94' title='bbox 1148 1687 1191 1755; x_wconf 90' lang='lat' dir='ltr'><strong>ln</strong></span> 
     </span>
     <span class='ocr_line' id='line_1_14' title="bbox 78 1787 1191 1877; baseline 0.005 -26"><span class='ocrx_word' id='word_1_95' title='bbox 78 1787 133 1852; x_wconf 93' lang='lat' dir='ltr'><strong>illo</strong></span> <span class='ocrx_word' id='word_1_96' title='bbox 145 1795 335 1876; x_wconf 87' lang='lat' dir='ltr'><strong>temporum</strong></span> <span class='ocrx_word' id='word_1_97' title='bbox 348 1811 521 1876; x_wconf 88' lang='lat' dir='ltr'><strong>rerumque</strong></span> <span class='ocrx_word' id='word_1_98' title='bbox 534 1795 632 1870; x_wconf 73' lang='lat' dir='ltr'><strong>statu</strong></span> <span class='ocrx_word' id='word_1_99' title='bbox 642 1797 718 1856; x_wconf 88' lang='lat' dir='ltr'><strong>aute</strong></span> <span class='ocrx_word' id='word_1_100' title='bbox 727 1789 970 1877; x_wconf 86' lang='lat' dir='ltr'><strong>Vespasianum</strong></span> <span class='ocrx_word' id='word_1_101' title='bbox 980 1796 1015 1856; x_wconf 91' lang='lat' dir='ltr'><strong>et</strong></span> <span class='ocrx_word' id='word_1_102' title='bbox 1028 1789 1191 1871; x_wconf 79' lang='lat' dir='ltr'><strong>Nervam,</strong></span> 
     </span>
     <span class='ocr_line' id='line_1_15' title="bbox 80 1889 1193 1976; baseline 0.003 -22"><span class='ocrx_word' id='word_1_103' title='bbox 80 1889 135 1954; x_wconf 77' lang='lat' dir='ltr'><strong>rix</strong></span> <span class='ocrx_word' id='word_1_104' title='bbox 149 1891 272 1956; x_wconf 90' lang='lat' dir='ltr'><strong>umbra</strong></span> <span class='ocrx_word' id='word_1_105' title='bbox 284 1891 339 1956; x_wconf 83' lang='lat' dir='ltr'><strong>vel</strong></span> <span class='ocrx_word' id='word_1_106' title='bbox 351 1889 560 1974; x_wconf 82' lang='lat' dir='ltr'><strong>frugalitatis,</strong></span> <span class='ocrx_word' id='word_1_107' title='bbox 576 1891 727 1976; x_wconf 88' lang='lat' dir='ltr'><strong>pudoris,</strong></span> <span class='ocrx_word' id='word_1_108' title='bbox 735 1891 968 1975; x_wconf 80' lang='lat' dir='ltr'><strong>magnitudinis</strong></span> <span class='ocrx_word' id='word_1_109' title='bbox 983 1893 1094 1969; x_wconf 91' lang='lat' dir='ltr'><strong>animi,</strong></span> <span class='ocrx_word' id='word_1_110' title='bbox 1108 1892 1193 1958; x_wconf 88' lang='lat' dir='ltr'><strong>alia·</strong></span> 
     </span>
     <span class='ocr_line' id='line_1_16' title="bbox 79 1993 1193 2077; baseline 0.005 -23"><span class='ocrx_word' id='word_1_111' title='bbox 79 2007 216 2076; x_wconf 88' lang='lat' dir='ltr'><strong>rumque</strong></span> <span class='ocrx_word' id='word_1_112' title='bbox 232 1995 386 2058; x_wconf 67' lang='lat' dir='ltr'><strong>uantum</strong></span> <span class='ocrx_word' id='word_1_113' title='bbox 400 1993 619 2076; x_wconf 88' lang='lat' dir='ltr'><strong>pristinarum,</strong></span> <span class='ocrx_word' id='word_1_114' title='bbox 635 1993 757 2076; x_wconf 91' lang='lat' dir='ltr'><strong>quibus</strong></span> <span class='ocrx_word' id='word_1_115' title='bbox 770 2013 832 2057; x_wconf 89' lang='lat' dir='ltr'><strong>nec</strong></span> <span class='ocrx_word' id='word_1_116' title='bbox 846 1993 951 2059; x_wconf 89' lang='lat' dir='ltr'><strong>bonor</strong></span> <span class='ocrx_word' id='word_1_117' title='bbox 964 2013 1028 2059; x_wconf 91' lang='lat' dir='ltr'><strong>nec</strong></span> <span class='ocrx_word' id='word_1_118' title='bbox 1049 1993 1193 2077; x_wconf 88' lang='lat' dir='ltr'><strong>pretium</strong></span> 
     </span>
     <span class='ocr_line' id='line_1_17' title="bbox 82 2094 1193 2180; baseline 0.007 -26"><span class='ocrx_word' id='word_1_119' title='bbox 82 2100 149 2158; x_wconf 87' lang='lat' dir='ltr'><strong>erat</strong></span> <span class='ocrx_word' id='word_1_120' title='bbox 177 2095 298 2173; x_wconf 91' lang='lat' dir='ltr'><strong>ullum,</strong></span> <span class='ocrx_word' id='word_1_121' title='bbox 326 2097 380 2161; x_wconf 83' lang='lat' dir='ltr'><strong>vel</strong></span> <span class='ocrx_word' id='word_1_122' title='bbox 415 2101 523 2160; x_wconf 86' lang='lat' dir='ltr'><strong>metus</strong></span> <span class='ocrx_word' id='word_1_123' title='bbox 549 2094 669 2178; x_wconf 76' lang='lat' dir='ltr'><strong>legum,</strong></span> <span class='ocrx_word' id='word_1_124' title='bbox 695 2096 868 2174; x_wconf 86' lang='lat' dir='ltr'><strong>libertatis,</strong></span> <span class='ocrx_word' id='word_1_125' title='bbox 894 2102 994 2180; x_wconf 88' lang='lat' dir='ltr'><strong>atque</strong></span> <span class='ocrx_word' id='word_1_126' title='bbox 1024 2096 1193 2179; x_wconf 76' lang='lat' dir='ltr'><strong>religionis</strong></span> 
     </span>
     <span class='ocr_line' id='line_1_18' title="bbox 82 2195 1193 2280; baseline 0.002 -22"><span class='ocrx_word' id='word_1_127' title='bbox 82 2195 337 2280; x_wconf 73' lang='lat' dir='ltr'><strong>relinquebatur,</strong></span> <span class='ocrx_word' id='word_1_128' title='bbox 352 2203 386 2262; x_wconf 89' lang='lat' dir='ltr'><strong>et</strong></span> <span class='ocrx_word' id='word_1_129' title='bbox 397 2196 553 2280; x_wconf 75' lang='lat' dir='ltr'><strong>vigebant</strong></span> <span class='ocrx_word' id='word_1_130' title='bbox 566 2195 677 2260; x_wconf 89' lang='lat' dir='ltr'><strong>omnia</strong></span> <span class='ocrx_word' id='word_1_131' title='bbox 689 2197 843 2261; x_wconf 82' lang='lat' dir='ltr'><strong>vitiomm</strong></span> <span class='ocrx_word' id='word_1_132' title='bbox 857 2216 987 2280; x_wconf 78' lang='lat' dir='ltr'><strong>genera,</strong></span> <span class='ocrx_word' id='word_1_133' title='bbox 1001 2216 1063 2262; x_wconf 87' lang='lat' dir='ltr'><strong>nec</strong></span> <span class='ocrx_word' id='word_1_134' title='bbox 1082 2198 1193 2261; x_wconf 89' lang='lat' dir='ltr'><strong>minus</strong></span> 
     </span>
     <span class='ocr_line' id='line_1_19' title="bbox 82 2297 1194 2384; baseline 0.001 -20"><span class='ocrx_word' id='word_1_135' title='bbox 82 2305 242 2384; x_wconf 84' lang='lat' dir='ltr'><strong>prorupta</strong></span> <span class='ocrx_word' id='word_1_136' title='bbox 256 2299 399 2365; x_wconf 89' lang='lat' dir='ltr'><strong>audacia</strong></span> <span class='ocrx_word' id='word_1_137' title='bbox 420 2297 635 2382; x_wconf 88' lang='lat' dir='ltr'><strong>Deorumque</strong></span> <span class='ocrx_word' id='word_1_138' title='bbox 657 2302 854 2376; x_wconf 85' lang='lat' dir='ltr'><strong>contemtus,</strong></span> <span class='ocrx_word' id='word_1_139' title='bbox 869 2317 970 2382; x_wconf 86' lang='lat' dir='ltr'><strong>quarn</strong></span> <span class='ocrx_word' id='word_1_140' title='bbox 992 2297 1112 2363; x_wconf 71' lang='lat' dir='ltr'><strong>servile</strong></span> <span class='ocrx_word' id='word_1_141' title='bbox 1133 2301 1194 2365; x_wconf 89' lang='lat' dir='ltr'><strong>ob·</strong></span> 
     </span>
     <span class='ocr_line' id='line_1_20' title="bbox 84 2399 1195 2486; baseline -0.001 -20"><span class='ocrx_word' id='word_1_142' title='bbox 84 2403 238 2484; x_wconf 55' lang='lat' dir='ltr'><strong>Quium</strong></span> <span class='ocrx_word' id='word_1_143' title='bbox 251 2408 286 2466; x_wconf 91' lang='lat' dir='ltr'><strong>et</strong></span> <span class='ocrx_word' id='word_1_144' title='bbox 300 2401 399 2466; x_wconf 86' lang='lat' dir='ltr'><strong>anilis</strong></span> <span class='ocrx_word' id='word_1_145' title='bbox 413 2401 615 2486; x_wconf 88' lang='lat' dir='ltr'><strong>superstitio.</strong></span> <span class='ocrx_word' id='word_1_146' title='bbox 657 2399 814 2464; x_wconf 87' lang='lat' dir='ltr'><strong>Honores</strong></span> <span class='ocrx_word' id='word_1_147' title='bbox 826 2419 893 2464; x_wconf 93' lang='lat' dir='ltr'><strong>non</strong></span> <span class='ocrx_word' id='word_1_148' title='bbox 906 2399 1085 2465; x_wconf 62' lang='lat' dir='ltr'><strong>viantibus</strong></span> <span class='ocrx_word' id='word_1_149' title='bbox 1095 2401 1195 2465; x_wconf 87' lang='lat' dir='ltr'><strong>meri-</strong></span> 
     </span>
     <span class='ocr_line' id='line_1_21' title="bbox 84 2501 1194 2587; baseline -0.002 -19"><span class='ocrx_word' id='word_1_150' title='bbox 84 2501 190 2586; x_wconf 82' lang='lat' dir='ltr'><strong>tisque</strong></span> <span class='ocrx_word' id='word_1_151' title='bbox 211 2503 385 2587; x_wconf 83' lang='lat' dir='ltr'><strong>patebant,</strong></span> <span class='ocrx_word' id='word_1_152' title='bbox 409 2501 468 2566; x_wconf 88' lang='lat' dir='ltr'><strong>sed</strong></span> <span class='ocrx_word' id='word_1_153' title='bbox 490 2503 543 2566; x_wconf 87' lang='lat' dir='ltr'><strong>val</strong></span> <span class='ocrx_word' id='word_1_154' title='bbox 565 2501 693 2568; x_wconf 77' lang='lat' dir='ltr'><strong>divitiis</strong></span> <span class='ocrx_word' id='word_1_155' title='bbox 714 2507 749 2567; x_wconf 91' lang='lat' dir='ltr'><strong>et</strong></span> <span class='ocrx_word' id='word_1_156' title='bbox 769 2501 947 2579; x_wconf 89' lang='lat' dir='ltr'><strong>nobilitati,</strong></span> <span class='ocrx_word' id='word_1_157' title='bbox 966 2502 1020 2567; x_wconf 84' lang='lat' dir='ltr'><strong>vel</strong></span> <span class='ocrx_word' id='word_1_158' title='bbox 1038 2501 1194 2567; x_wconf 87' lang='lat' dir='ltr'><strong>sordibus</strong></span> 
     </span>
     <span class='ocr_line' id='line_1_22' title="bbox 86 2601 1195 2688; baseline 0 -20"><span class='ocrx_word' id='word_1_159' title='bbox 86 2605 280 2688; x_wconf 86' lang='lat' dir='ltr'><strong>artibusque</strong></span> <span class='ocrx_word' id='word_1_160' title='bbox 293 2605 485 2670; x_wconf 86' lang='lat' dir='ltr'><strong>inhonestis.</strong></span> <span class='ocrx_word' id='word_1_161' title='bbox 528 2601 564 2667; x_wconf 80' lang='lat' dir='ltr'>A</span> <span class='ocrx_word' id='word_1_162' title='bbox 586 2603 706 2669; x_wconf 77' lang='lat' dir='ltr'><strong>stadiis</strong></span> <span class='ocrx_word' id='word_1_163' title='bbox 726 2603 947 2670; x_wconf 85' lang='lat' dir='ltr'><strong>severioribus</strong></span> <span class='ocrx_word' id='word_1_164' title='bbox 960 2604 1060 2688; x_wconf 90' lang='lat' dir='ltr'><strong>plane</strong></span> <span class='ocrx_word' id='word_1_165' title='bbox 1074 2605 1195 2670; x_wconf 89' lang='lat' dir='ltr'><strong>abbor-</strong></span> 
     </span>
     <span class='ocr_line' id='line_1_23' title="bbox 86 2705 1195 2790; baseline 0.003 -22"><span class='ocrx_word' id='word_1_166' title='bbox 86 2707 379 2771; x_wconf 87' lang='lat' dir='ltr'><strong>rebantbomiuum</strong></span> <span class='ocrx_word' id='word_1_167' title='bbox 398 2705 548 2789; x_wconf 79' lang='lat' dir='ltr'><strong>ingenia3</strong></span> <span class='ocrx_word' id='word_1_168' title='bbox 573 2726 649 2772; x_wconf 88' lang='lat' dir='ltr'><strong>cum</strong></span> <span class='ocrx_word' id='word_1_169' title='bbox 673 2706 807 2771; x_wconf 82' lang='lat' dir='ltr'><strong>luxuria</strong></span> <span class='ocrx_word' id='word_1_170' title='bbox 830 2713 928 2790; x_wconf 89' lang='lat' dir='ltr'><strong>atque</strong></span> <span class='ocrx_word' id='word_1_171' title='bbox 947 2705 1105 2771; x_wconf 87' lang='lat' dir='ltr'><strong>libidines</strong></span> <span class='ocrx_word' id='word_1_172' title='bbox 1127 2725 1195 2771; x_wconf 93' lang='lat' dir='ltr'><strong>nou</strong></span> 
     </span>
     <span class='ocr_line' id='line_1_24' title="bbox 87 2807 1196 2894; baseline 0.004 -24"><span class='ocrx_word' id='word_1_173' title='bbox 87 2811 233 2894; x_wconf 88' lang='lat' dir='ltr'><strong>corporis</strong></span> <span class='ocrx_word' id='word_1_174' title='bbox 247 2813 386 2886; x_wconf 87' lang='lat' dir='ltr'><strong>tanturn,</strong></span> <span class='ocrx_word' id='word_1_175' title='bbox 402 2807 462 2874; x_wconf 89' lang='lat' dir='ltr'><strong>sed</strong></span> <span class='ocrx_word' id='word_1_176' title='bbox 485 2809 587 2874; x_wconf 86' lang='lat' dir='ltr'><strong>animi</strong></span> <span class='ocrx_word' id='word_1_177' title='bbox 608 2811 711 2874; x_wconf 89' lang='lat' dir='ltr'><strong>etiam</strong></span> <span class='ocrx_word' id='word_1_178' title='bbox 731 2809 820 2875; x_wconf 83' lang='lat' dir='ltr'><strong>vires</strong></span> <span class='ocrx_word' id='word_1_179' title='bbox 840 2810 1053 2893; x_wconf 77' lang='lat' dir='ltr'><strong>vigoremque</strong></span> <span class='ocrx_word' id='word_1_180' title='bbox 1066 2829 1196 2874; x_wconf 87' lang='lat' dir='ltr'><strong>omnem</strong></span> 
     </span>
     <span class='ocr_line' id='line_1_25' title="bbox 87 2909 1197 2995; baseline 0.005 -25"><span class='ocrx_word' id='word_1_181' title='bbox 87 2912 321 2995; x_wconf 81' lang='lat' dir='ltr'><strong>extinguerent.</strong></span> <span class='ocrx_word' id='word_1_182' title='bbox 364 2909 434 2990; x_wconf 84' lang='lat' dir='ltr'><strong>Qui</strong></span> <span class='ocrx_word' id='word_1_183' title='bbox 447 2909 718 2995; x_wconf 89' lang='lat' dir='ltr'><strong>pbilosophorum</strong></span> <span class='ocrx_word' id='word_1_184' title='bbox 731 2929 848 2976; x_wconf 87' lang='lat' dir='ltr'><strong>nomen</strong></span> <span class='ocrx_word' id='word_1_185' title='bbox 868 2915 904 2975; x_wconf 89' lang='lat' dir='ltr'><strong>et</strong></span> <span class='ocrx_word' id='word_1_186' title='bbox 923 2928 1046 2975; x_wconf 86' lang='lat' dir='ltr'><strong>munus</strong></span> <span class='ocrx_word' id='word_1_187' title='bbox 1060 2909 1197 2994; x_wconf 83' lang='lat' dir='ltr'><strong>prolite-</strong></span> 
     </span>
     <span class='ocr_line' id='line_1_26' title="bbox 87 3009 1198 3095; baseline 0.002 -19"><span class='ocrx_word' id='word_1_188' title='bbox 87 3009 214 3093; x_wconf 90' lang='lat' dir='ltr'><strong>bantur,</strong></span> <span class='ocrx_word' id='word_1_189' title='bbox 225 3014 256 3078; x_wconf 84' lang='lat' dir='ltr'><strong>si</strong></span> <span class='ocrx_word' id='word_1_190' title='bbox 272 3013 433 3078; x_wconf 84' lang='lat' dir='ltr'><strong>Senecam</strong></span> <span class='ocrx_word' id='word_1_191' title='bbox 443 3019 478 3077; x_wconf 91' lang='lat' dir='ltr'><strong>et</strong></span> <span class='ocrx_word' id='word_1_192' title='bbox 491 3010 684 3091; x_wconf 84' lang='lat' dir='ltr'><strong>Cornutum,</strong></span> <span class='ocrx_word' id='word_1_193' title='bbox 695 3013 840 3091; x_wconf 90' lang='lat' dir='ltr'><strong>Stoicos,</strong></span> <span class='ocrx_word' id='word_1_194' title='bbox 853 3013 1004 3095; x_wconf 89' lang='lat' dir='ltr'><strong>aliosque</strong></span> <span class='ocrx_word' id='word_1_195' title='bbox 1018 3009 1198 3078; x_wconf 54' lang='lat' dir='ltr'><strong>&amp;modum</strong></span> 
     </span>
     <span class='ocr_line' id='line_1_27' title="bbox 89 3113 1199 3200; baseline 0.003 -21"><span class='ocrx_word' id='word_1_196' title='bbox 89 3129 215 3193; x_wconf 83' lang='lat' dir='ltr'><strong>pancos</strong></span> <span class='ocrx_word' id='word_1_197' title='bbox 229 3117 415 3199; x_wconf 84' lang='lat' dir='ltr'><strong>exceperis,</strong></span> <span class='ocrx_word' id='word_1_198' title='bbox 432 3114 488 3180; x_wconf 83' lang='lat' dir='ltr'><strong>vel</strong></span> <span class='ocrx_word' id='word_1_199' title='bbox 508 3113 713 3198; x_wconf 82' lang='lat' dir='ltr'><strong>voluptatum</strong></span> <span class='ocrx_word' id='word_1_200' title='bbox 734 3115 897 3180; x_wconf 85' lang='lat' dir='ltr'><strong>illecebris</strong></span> <span class='ocrx_word' id='word_1_201' title='bbox 918 3115 1009 3198; x_wconf 90' lang='lat' dir='ltr'><strong>capti</strong></span> <span class='ocrx_word' id='word_1_202' title='bbox 1031 3114 1199 3200; x_wconf 83' lang='lat' dir='ltr'><strong>Aristippi</strong></span> 
     </span>
     <span class='ocr_line' id='line_1_28' title="bbox 89 3213 1198 3301; baseline 0.005 -24"><span class='ocrx_word' id='word_1_203' title='bbox 89 3219 120 3278; x_wconf 88' lang='lat' dir='ltr'><strong>et</strong></span> <span class='ocrx_word' id='word_1_204' title='bbox 133 3215 281 3301; x_wconf 83' lang='lat' dir='ltr'><strong>Epicuri,</strong></span> <span class='ocrx_word' id='word_1_205' title='bbox 292 3216 345 3281; x_wconf 83' lang='lat' dir='ltr'><strong>vel</strong></span> <span class='ocrx_word' id='word_1_206' title='bbox 357 3213 551 3300; x_wconf 86' lang='lat' dir='ltr'><strong>disputandi</strong></span> <span class='ocrx_word' id='word_1_207' title='bbox 561 3219 689 3280; x_wconf 85' lang='lat' dir='ltr'><strong>tantum</strong></span> <span class='ocrx_word' id='word_1_208' title='bbox 703 3215 887 3300; x_wconf 87' lang='lat' dir='ltr'><strong>cupiditate</strong></span> <span class='ocrx_word' id='word_1_209' title='bbox 899 3215 992 3281; x_wconf 88' lang='lat' dir='ltr'><strong>ducti</strong></span> <span class='ocrx_word' id='word_1_210' title='bbox 1003 3213 1198 3283; x_wconf 76' lang='lat' dir='ltr'><strong>Academias</strong></span> 
     </span>
     <span class='ocr_line' id='line_1_29' title="bbox 91 3313 1200 3403; baseline 0.005 -26"><span class='ocrx_word' id='word_1_211' title='bbox 91 3313 299 3403; x_wconf 87' lang='lat' dir='ltr'><strong>disciplinam</strong></span> <span class='ocrx_word' id='word_1_212' title='bbox 320 3318 541 3397; x_wconf 87' lang='lat' dir='ltr'><strong>sectabantur,</strong></span> <span class='ocrx_word' id='word_1_213' title='bbox 562 3318 616 3382; x_wconf 83' lang='lat' dir='ltr'><strong>vel</strong></span> <span class='ocrx_word' id='word_1_214' title='bbox 638 3317 713 3382; x_wconf 89' lang='lat' dir='ltr'><strong>sola</strong></span> <span class='ocrx_word' id='word_1_215' title='bbox 732 3335 830 3382; x_wconf 83' lang='lat' dir='ltr'><strong>vanae</strong></span> <span class='ocrx_word' id='word_1_216' title='bbox 851 3317 1078 3381; x_wconf 88' lang='lat' dir='ltr'><strong>ostentationis</strong></span> <span class='ocrx_word' id='word_1_217' title='bbox 1093 3335 1200 3382; x_wconf 86' lang='lat' dir='ltr'><strong>causa</strong></span> 
     </span>
     <span class='ocr_line' id='line_1_30' title="bbox 92 3413 1199 3504; baseline -0.002 -19"><span class='ocrx_word' id='word_1_218' title='bbox 92 3413 278 3485; x_wconf 87' lang='lat' dir='ltr'><strong>Stoicorum</strong></span> <span class='ocrx_word' id='word_1_219' title='bbox 299 3424 471 3504; x_wconf 71' lang='lat' dir='ltr'><strong>praecepta</strong></span> <span class='ocrx_word' id='word_1_220' title='bbox 484 3423 518 3483; x_wconf 92' lang='lat' dir='ltr'><strong>et</strong></span> <span class='ocrx_word' id='word_1_221' title='bbox 531 3419 736 3501; x_wconf 79' lang='lat' dir='ltr'><strong>gravitatem,</strong></span> <span class='ocrx_word' id='word_1_222' title='bbox 751 3435 818 3481; x_wconf 92' lang='lat' dir='ltr'><strong>uon</strong></span> <span class='ocrx_word' id='word_1_223' title='bbox 832 3418 904 3482; x_wconf 85' lang='lat' dir='ltr'><strong>vita</strong></span> <span class='ocrx_word' id='word_1_224' title='bbox 917 3422 951 3482; x_wconf 88' lang='lat' dir='ltr'><strong>et</strong></span> <span class='ocrx_word' id='word_1_225' title='bbox 962 3417 1123 3497; x_wconf 87' lang='lat' dir='ltr'><strong>moribus,</strong></span> <span class='ocrx_word' id='word_1_226' title='bbox 1138 3417 1199 3483; x_wconf 90' lang='lat' dir='ltr'><strong>sed</strong></span> 
     </span>
     <span class='ocr_line' id='line_1_31' title="bbox 91 3519 1200 3604; baseline 0.002 -24"><span class='ocrx_word' id='word_1_227' title='bbox 91 3522 211 3600; x_wconf 81' lang='lat' dir='ltr'><strong>verbis,</strong></span> <span class='ocrx_word' id='word_1_228' title='bbox 226 3521 342 3599; x_wconf 87' lang='lat' dir='ltr'><strong>barba,</strong></span> <span class='ocrx_word' id='word_1_229' title='bbox 365 3520 556 3604; x_wconf 87' lang='lat' dir='ltr'><strong>supercilio,</strong></span> <span class='ocrx_word' id='word_1_230' title='bbox 570 3519 746 3599; x_wconf 71' lang='lat' dir='ltr'><strong>restituet</strong></span> <span class='ocrx_word' id='word_1_231' title='bbox 765 3520 874 3585; x_wconf 73' lang='lat' dir='ltr'><strong>vicem</strong></span> <span class='ocrx_word' id='word_1_232' title='bbox 896 3519 1075 3602; x_wconf 86' lang='lat' dir='ltr'><strong>asperitate</strong></span> <span class='ocrx_word' id='word_1_233' title='bbox 1087 3519 1200 3604; x_wconf 83' lang='lat' dir='ltr'><strong>expri-</strong></span> 
     </span>
     <span class='ocr_line' id='line_1_32' title="bbox 92 3619 1199 3706; baseline 0.002 -22"><span class='ocrx_word' id='word_1_234' title='bbox 92 3623 233 3700; x_wconf 87' lang='lat' dir='ltr'><strong>mebant,</strong></span> <span class='ocrx_word' id='word_1_235' title='bbox 247 3621 302 3686; x_wconf 80' lang='lat' dir='ltr'><strong>vel</strong></span> <span class='ocrx_word' id='word_1_236' title='bbox 319 3621 463 3705; x_wconf 90' lang='lat' dir='ltr'><strong>denique</strong></span> <span class='ocrx_word' id='word_1_237' title='bbox 481 3621 562 3686; x_wconf 91' lang='lat' dir='ltr'><strong>nulli</strong></span> <span class='ocrx_word' id='word_1_238' title='bbox 582 3626 686 3687; x_wconf 72' lang='lat' dir='ltr'><strong>sectae</strong></span> <span class='ocrx_word' id='word_1_239' title='bbox 711 3619 849 3699; x_wconf 88' lang='lat' dir='ltr'><strong>addicti,</strong></span> <span class='ocrx_word' id='word_1_240' title='bbox 867 3639 969 3706; x_wconf 88' lang='lat' dir='ltr'><strong>apum</strong></span> <span class='ocrx_word' id='word_1_241' title='bbox 987 3621 1103 3696; x_wconf 80' lang='lat' dir='ltr'><strong>instar,</strong></span> <span class='ocrx_word' id='word_1_242' title='bbox 1121 3639 1199 3703; x_wconf 77' lang='lat' dir='ltr'><strong>quoe</strong></span> 
     </span>
     <span class='ocr_line' id='line_1_33' title="bbox 93 3719 1202 3808; baseline -0.002 -22"><span class='ocrx_word' id='word_1_243' title='bbox 93 3724 279 3800; x_wconf 82' lang='lat' dir='ltr'><strong>arriderent,</strong></span> <span class='ocrx_word' id='word_1_244' title='bbox 303 3722 452 3808; x_wconf 91' lang='lat' dir='ltr'><strong>undiquc</strong></span> <span class='ocrx_word' id='word_1_245' title='bbox 477 3721 678 3788; x_wconf 87' lang='lat' dir='ltr'><strong>delibabaut.</strong></span> <span class='ocrx_word' id='word_1_246' title='bbox 723 3721 931 3806; x_wconf 86' lang='lat' dir='ltr'><strong>Eloquentia,</strong></span> <span class='ocrx_word' id='word_1_247' title='bbox 956 3722 1109 3786; x_wconf 85' lang='lat' dir='ltr'><strong>libertate</strong></span> <span class='ocrx_word' id='word_1_248' title='bbox 1131 3719 1202 3802; x_wconf 88' lang='lat' dir='ltr'><strong>pri·</strong></span> 
     </span>
     <span class='ocr_line' id='line_1_34' title="bbox 92 3821 1201 3910; baseline 0.001 -24"><span class='ocrx_word' id='word_1_249' title='bbox 92 3841 178 3890; x_wconf 89' lang='lat' dir='ltr'><strong>mum</strong></span> <span class='ocrx_word' id='word_1_250' title='bbox 192 3830 228 3890; x_wconf 90' lang='lat' dir='ltr'><strong>et</strong></span> <span class='ocrx_word' id='word_1_251' title='bbox 241 3824 362 3910; x_wconf 88' lang='lat' dir='ltr'><strong>deinde</strong></span> <span class='ocrx_word' id='word_1_252' title='bbox 378 3825 519 3890; x_wconf 87' lang='lat' dir='ltr'><strong>comitiis</strong></span> <span class='ocrx_word' id='word_1_253' title='bbox 528 3824 648 3907; x_wconf 92' lang='lat' dir='ltr'><strong>populi</strong></span> <span class='ocrx_word' id='word_1_254' title='bbox 661 3845 683 3889; x_wconf 94' lang='lat' dir='ltr'><strong>a</strong></span> <span class='ocrx_word' id='word_1_255' title='bbox 695 3824 833 3889; x_wconf 84' lang='lat' dir='ltr'><strong>&#39;liberio</strong></span> <span class='ocrx_word' id='word_1_256' title='bbox 844 3823 984 3889; x_wconf 86' lang='lat' dir='ltr'><strong>sublatis</strong></span> <span class='ocrx_word' id='word_1_257' title='bbox 997 3821 1201 3909; x_wconf 59' lang='lat' dir='ltr'><strong>montisque</strong></span> 
     </span>
     <span class='ocr_line' id='line_1_35' title="bbox 93 3923 1203 4003; baseline -0.002 -11"><span class='ocrx_word' id='word_1_258' title='bbox 93 3929 237 3992; x_wconf 86' lang='lat' dir='ltr'><strong>moribus</strong></span> <span class='ocrx_word' id='word_1_259' title='bbox 252 3945 294 3990; x_wconf 89' lang='lat' dir='ltr'><strong>ac</strong></span> <span class='ocrx_word' id='word_1_260' title='bbox 308 3925 474 4003; x_wconf 87' lang='lat' dir='ltr'><strong>studiis,a</strong></span> <span class='ocrx_word' id='word_1_261' title='bbox 495 3926 617 3990; x_wconf 90' lang='lat' dir='ltr'><strong>lumine</strong></span> <span class='ocrx_word' id='word_1_262' title='bbox 637 3925 771 4002; x_wconf 79' lang='lat' dir='ltr'><strong>forensi,</strong></span> <span class='ocrx_word' id='word_1_263' title='bbox 784 3930 819 3988; x_wconf 91' lang='lat' dir='ltr'><strong>et</strong></span> <span class='ocrx_word' id='word_1_264' title='bbox 832 3939 1007 3989; x_wconf 73' lang='lat' dir='ltr'><strong>cmsarum</strong></span> <span class='ocrx_word' id='word_1_265' title='bbox 1025 3925 1094 3986; x_wconf 68' lang='lat' dir='ltr'><strong>mm</strong></span> <span class='ocrx_word' id='word_1_266' title='bbox 1114 3923 1203 3990; x_wconf 82' lang='lat' dir='ltr'><strong>reri·</strong></span> 
     </span>
     <span class='ocr_line' id='line_1_36' title="bbox 94 4022 1201 4113; baseline -0.002 -19"><span class='ocrx_word' id='word_1_267' title='bbox 94 4032 155 4094; x_wconf 87' lang='lat' dir='ltr'><strong>tate</strong></span> <span class='ocrx_word' id='word_1_268' title='bbox 175 4047 279 4113; x_wconf 91' lang='lat' dir='ltr'><strong>quam</strong></span> <span class='ocrx_word' id='word_1_269' title='bbox 302 4028 476 4110; x_wconf 77' lang='lat' dir='ltr'><strong>gravitate,</strong></span> <span class='ocrx_word' id='word_1_270' title='bbox 491 4027 535 4092; x_wconf 89' lang='lat' dir='ltr'><strong>ad</strong></span> <span class='ocrx_word' id='word_1_271' title='bbox 555 4025 687 4111; x_wconf 85' lang='lat' dir='ltr'><strong>judicia</strong></span> <span class='ocrx_word' id='word_1_272' title='bbox 710 4023 1000 4100; x_wconf 77' lang='lat' dir='ltr'><strong>centumuirorum,</strong></span> <span class='ocrx_word' id='word_1_273' title='bbox 1020 4022 1063 4087; x_wconf 88' lang='lat' dir='ltr'><strong>ad</strong></span> <span class='ocrx_word' id='word_1_274' title='bbox 1085 4023 1201 4092; x_wconf 84' lang='lat' dir='ltr'><strong>adula-</strong></span> 
     </span>
    </p>
   </div>
   <div class='ocr_carea' id='block_1_4' title="bbox 94 4123 1337 4214">
    <p class='ocr_par' dir='ltr' id='par_1_4' title="bbox 94 4123 1337 4214">
     <span class='ocr_line' id='line_1_37' title="bbox 94 4123 1337 4214; baseline -0.002 -19"><span class='ocrx_word' id='word_1_275' title='bbox 94 4131 193 4196; x_wconf 89' lang='lat' dir='ltr'><strong>torios</strong></span> <span class='ocrx_word' id='word_1_276' title='bbox 231 4129 451 4214; x_wconf 81' lang='lat' dir='ltr'><strong>panegyricos</strong></span> <span class='ocrx_word' id='word_1_277' title='bbox 476 4130 511 4194; x_wconf 91' lang='lat' dir='ltr'><strong>in</strong></span> <span class='ocrx_word' id='word_1_278' title='bbox 539 4133 654 4194; x_wconf 84' lang='lat' dir='ltr'><strong>senatu</strong></span> <span class='ocrx_word' id='word_1_279' title='bbox 680 4124 863 4203; x_wconf 87' lang='lat' dir='ltr'><strong>habendos,</strong></span> <span class='ocrx_word' id='word_1_280' title='bbox 888 4129 922 4188; x_wconf 90' lang='lat' dir='ltr'><strong>et</strong></span> <span class='ocrx_word' id='word_1_281' title='bbox 946 4123 990 4189; x_wconf 93' lang='lat' dir='ltr'><strong>ad</strong></span> <span class='ocrx_word' id='word_1_282' title='bbox 1014 4125 1202 4193; x_wconf 84' lang='lat' dir='ltr'><strong>scholarum</strong></span> <span class='ocrx_word' id='word_1_283' title='bbox 1332 4151 1337 4160; x_wconf 94' lang='lat'><strong>·</strong></span> 
     </span>
    </p>
   </div>
   <div class='ocr_carea' id='block_1_5' title="bbox 95 4227 1204 4318">
    <p class='ocr_par' dir='ltr' id='par_1_5' title="bbox 95 4227 1204 4318">
     <span class='ocr_line' id='line_1_38' title="bbox 95 4227 1204 4318; baseline -0.003 -19"><span class='ocrx_word' id='word_1_284' title='bbox 95 4233 245 4300; x_wconf 86' lang='lat' dir='ltr'><strong>umbram</strong></span> <span class='ocrx_word' id='word_1_285' title='bbox 268 4231 482 4318; x_wconf 81' lang='lat' dir='ltr'><strong>fictarumque</strong></span> <span class='ocrx_word' id='word_1_286' title='bbox 504 4247 679 4297; x_wconf 84' lang='lat' dir='ltr'><strong>causarum</strong></span> <span class='ocrx_word' id='word_1_287' title='bbox 701 4227 881 4296; x_wconf 79' lang='lat' dir='ltr'><strong>simdaera</strong></span> <span class='ocrx_word' id='word_1_288' title='bbox 903 4227 1151 4308; x_wconf 84' lang='lat' dir='ltr'><strong>traducebatur,</strong></span> <span class='ocrx_word' id='word_1_289' title='bbox 1168 4234 1204 4296; x_wconf 85' lang='lat' dir='ltr'><strong>et</strong></span> 
     </span>
    </p>
   </div>
   <div class='ocr_carea' id='block_1_6' title="bbox 0 0 1441 4792">
    <p class='ocr_par' dir='ltr' id='par_1_6' title="bbox 0 0 1441 4792">
     <span class='ocr_line' id='line_1_39' title="bbox 0 0 1441 4792; baseline 0 0"><span class='ocrx_word' id='word_1_290' title='bbox 0 0 1441 4792; x_wconf 95' lang='lat' dir='ltr'><strong> </strong></span> 
     </span>
    </p>
   </div>
  </div>
 </body>
</html>
