2817 4792
496 413 752 464 rouruorurr.
1132 387 1177 462 7'3

71 565 143 626 runt
152 561 185 626 in
196 560 315 644 primis
327 559 401 624 los,
413 557 573 640 Scaliger,
585 557 816 633 Gasaubonns,
828 555 1060 640 spanhemius,
1072 551 1178 620 Ram·

74 662 221 738 baebius,
239 655 418 742 laigattius,
446 657 624 735 Desertus,
648 657 784 736 Mauso,
799 665 833 724 et
854 657 1003 738 Koeniffi
1025 657 1089 722 boc
1108 656 1177 722 Jul.

75 761 157 826 Caea
172 761 368 842 Scaliger,³⁴
382 761 469 826 Dan.
494 759 668 840 Heinsius,
686 759 849 842 ‘Vulpius,
875 759 1060 841 Flligclius,
1076 758 1177 823 Blan-

75 861 228 944 isenburg,
236 867 279 926 ·et
291 860 392 926 Cone.
415 859 521 926 ¹Hinc
535 862 766 926 etiamnomen
775 861 1051 943 variescribitnr3
1072 861 1179 924 abbia

79 963 199 1048 Satyra,
213 965 260 1028 ab
275 963 342 1028 illis
356 981 446 1040 veru,
462 980 547 1046 quos
575 969 712 1028 secutus
735 983 820 1042 sum,
842 963 958 1026 Sutura
982 964 1036 1027 vel
1059 960 1178 1034 Sotira,

90 1083 163 1128 nam
176 1073 318 1148 utraque
333 1064 497 1147 scriptura
517 1065 551 1128 in
575 1065 743 1148 plerisque
765 1064 982 1130 satiricorum
1004 1063 1180 1128 codicibus

78 1163 156 1230 Mas.
171 1167 344 1249 reperitur,
361 1171 394 1228 et
417 1165 499 1230 nihil
514 1165 621 1230 differt
643 1167 728 1230 inter
746 1186 817 1242 eas,
832 1171 870 1231 ut
889 1167 972 1230 inter
991 1174 1134 1247 optumus
1146 1165 1180 1226 et

77 1267 213 1348 optimus,
225 1287 388 1330 moremus
399 1271 433 1332 et
444 1265 605 1343 maximus,
619 1267 676 1344 al.)
690 1285 790 1349 quam
798 1265 945 1329 nonnulli
958 1265 1082 1330 dictam
1092 1265 1181 1328 exis·

78 1368 186 1432 tinent
196 1389 216 1433 a
227 1368 398 1432 saturitate
411 1368 483 1431 sire
498 1367 710 1444 abundantia,
725 1367 823 1442 (voce
836 1373 870 1428 et
892 1365 1142 1447 significatione,
1158 1383 1181 1428 a

79 1467 203 1534 urceus
225 1471 390 1546 desumto,
410 1468 500 1552 quod
524 1469 690 1551 colligitur
709 1487 754 1532 ex
780 1465 963 1551 Hesychio,
990 1467 1049 1548 qui
1070 1465 1179 1540 docet,

79 1593 224 1654 ttttttvvt
246 1591 323 1635 esse
347 1587 461 1654 caepae
485 1571 619 1656 βοτρυων,
633 1589 719 1636 vasa
738 1587 944 1634 racemorum
966 1568 1075 1650 plena,
1100 1589 1180 1649 sepa

79 1671 235 1755 rasuera)
251 1673 598 1750 chrononensem,
622 1672 667 1750 (ν’.
684 1693 713 1736 c.
735 1671 895 1747 Isidorus,
911 1671 970 1752 qui
983 1668 1090 1732 facete
1108 1685 1180 1730 mo·

79 1779 144 1836 net:
160 1779 170 1808 ‘
184 1779 243 1839 aut
257 1793 281 1840 a
293 1774 415 1840 saturis
429 1793 546 1838 nomen
558 1775 687 1839 Saturae
703 1773 841 1850 dictum,
857 1772 914 1856 qui
928 1771 1031 1834 multa
1043 1769 1180 1848 babent3

79 1873 127 1936 rel
140 1875 182 1937 ob
196 1893 248 1951 ea,
266 1893 342 1956 quae
356 1893 414 1956 per
430 1875 638 1939 vinolentiam
652 1874 777 1950 dicunt,
793 1878 830 1937 ut
843 1870 947 1948 ebrii,’
958 1887 1058 1953 qnam
1068 1875 1180 1952 poste·

79 1973 189 2038 riorem
217 1975 377 2038 rationem
406 1973 593 2038 distinctius
617 1976 759 2057 exponit
783 1971 1017 2055 Porphyrion)
1035 1969 1182 2052 plerique

82 2081 182 2139 numm
197 2095 218 2139 a
233 2087 342 2138 sctrtru
358 2094 405 2140 sc.
421 2075 526 2151 lance,
541 2079 639 2153 (voce
663 2093 684 2138 a
706 2076 808 2137 rebus
822 2073 930 2135 seems
954 2069 997 2134 ad
1024 2071 1108 2132 alias
1131 2068 1181 2132 di·

14 2193 16 2198 ’
82 2177 161 2239 versi
171 2178 302 2260 generis
314 2175 527 2255 translata‚³⁵)
541 2174 691 2258 adeoque
703 2193 725 2238 a
738 2174 885 2237 mixtura
894 2171 1062 2236 varimnm
1075 2189 1182 2236 rerum

570 2305 676 2357 NorAE

111 2422 140 2468 8⁴
156 2419 185 2470 In
209 2420 267 2471 Art.
290 2420 360 2485 podt.
383 2435 403 2470 r.
424 2425 463 2472 12.
484 2421 607 2471 ‘Idcirco
647 2419 679 2468 In
698 2417 792 2468 ritibus
810 2418 962 2468 Graecorum
979 2412 1125 2476 hujusmodl
1142 2427 1181 2462 sa·

83 2492 214 2561 fallnntnr,’
230 2499 325 2563 inquit,
342 2499 406 2562 ‘qui
420 2505 523 2562 putant,
533 2499 608 2562 Saty·
647 2511 691 2546 cra
714 2495 829 2545 miscella
846 2499 973 2544 vocantur
989 2490 1130 2556 threnos
1143 2493 1181 2538 tu·

84 2583 132 2620 ram
150 2588 205 2622 esse
216 2575 337 2624 Latinam
354 2581 452 2624 totam:
473 2591 488 2624 a
505 2575 607 2625 Graecis
647 2571 696 2632 ela,
708 2570 901 2634 etmsrrpula,
911 2577 955 2620 ant
966 2568 1061 2630 wia,
1073 2570 1115 2618 tel
1123 2585 1183 2616 aus·

84 2648 144 2696 enim
155 2659 181 2698 et
190 2652 310 2718 inchoata
321 2659 347 2702 et
360 2649 476 2715 perfecta
488 2651 607 2716 primunr,
646 2649 724 2712 sapia,
732 2664 792 2700 eum
799 2648 970 2712 leguminibus
978 2647 1060 2697 fiebat
1068 2660 1183 2705 sacrum

85 2725 208 2778 alatinis
226 2727 323 2779 deinde
339 2736 606 2792 accepta,stqueex·
646 2728 710 2776 item
722 2724 849 2790 σῑρεσιόνη.
877 2724 1034 2775 minitere
1045 2725 1133 2772 lances
1143 2721 1182 2772 ita

84 2805 119 2848 trs
129 2815 227 2851 scenam
239 2804 355 2852 exculta.
374 2803 546 2856 Quamobrem
555 2817 606 2852 non
647 2800 758 2852 refertas
770 2801 899 2851 variarum
915 2813 1002 2848 rerem
1018 2798 1183 2861 copiatum

84 2883 186 2926 aratura
197 2881 237 2928 vel
250 2879 310 2942 lege
326 2879 367 2927 vel
386 2879 606 2940 inseruissent,
645 2877 797 2935 utarmnel
809 2875 895 2939 simpl.
904 2879 999 2924 maras
1007 2872 1183 2936 appellarunt.

84 2957 108 2998 nt
118 2949 211 3004 frustra
225 2961 252 3004 et
273 2961 371 3004 temere
383 2960 505 3016 satagunt
524 2968 606 3016 gram-
646 2953 722 3003 Satur
730 2953 799 3002 enirn
811 2967 858 3017 pro
870 2953 947 3014 pleno
962 2957 990 3002 et
1007 2949 1051 2999 cui
1061 2949 1125 2998 nibil
1136 2947 1182 2997 de·

85 3026 179 3076 marici:
207 3029 269 3093 quin
293 3029 339 3076 bas
362 3041 378 3076 s
399 3027 498 3091 satyria
521 3029 605 3080 dietas
647 3035 728 3090 esset,
751 3027 928 3091 usurpabant:
954 3026 994 3076 sic
1021 3025 1085 3074 celer
1104 3029 1182 3084 utar,

85 3107 148 3160 puto.
179 3105 243 3154 Cum
256 3103 372 3154 lancibus
383 3103 451 3152 eninr
467 3103 606 3166 prodibant
647 3107 690 3156 cui
717 3107 751 3155 ad
787 3103 974 3169 perlectionem
1008 3103 1072 3152 nibil
1097 3099 1183 3161 deest,

85 3181 109 3224 et
119 3179 252 3230 canistellis
271 3195 406 3244 pomorum
422 3179 490 3228 omni
509 3193 606 3242 genere
647 3181 752 3246 quando
763 3183 822 3230 lans
838 3181 951 3230 colorem
962 3177 1184 3229 tmnobvtmbt-

86 3251 167 3317 plenls‚
187 3257 279 3319 quibua
300 3256 434 3320 Nymphas
453 3255 606 3305 allicerent!
647 3256 695 3307 bit.
715 3254 1183 3320 Asiniutudtnenujmtnneisesim

88 3325 160 3378 Fuere
180 3333 257 3382 etiam
278 3332 459 3392 Grammatiei,
478 3332 520 3395 qui
540 3330 605 3382 Satt-
648 3331 757 3382 nlisrnm
769 3345 856 3380 rerum
873 3331 1001 3383 mixturas
1017 3329 1184 3394 appellarunt

86 3414 130 3450 rau
140 3405 178 3454 rel
189 3410 274 3471 potius
284 3408 398 3472 Satyrum
414 3422 429 3455 n
446 3408 542 3472 Satyris
553 3407 607 3456 dic·
649 3412 752 3456 marus.
793 3407 902 3456 Verrius
925 3407 1052 3456 Flaccus:
1069 3406 1185 3454 ‘Satara

87 3479 306 3548 temptaturum.
319 3499 341 3533 a.
354 3483 606 3534 Euanthiusinloeo
650 3481 702 3532 eibi
725 3495 815 3546 genus,
834 3495 867 3530 er
892 3481 970 3530 variis
998 3482 1076 3531 rebus
1095 3479 1185 3530 condi·

88 3565 155 3616 supra
163 3560 282 3624 ascripto,
292 3569 319 3610 et
331 3559 481 3619 Diomedes,
490 3559 534 3624 qui
546 3574 606 3610 mox
651 3558 721 3608 tum!
756 3558 815 3608 Hoc
831 3572 935 3622 quoque
955 3557 1061 3606 uberius
1079 3555 1185 3604 Diome

89 3638 102 3673 a
118 3632 184 3682 nobis
205 3637 363 3694 laudabitur,
385 3635 429 3685 sed
454 3632 606 3684 dubitanter
651 3635 705 3684 des.
728 3635 736 3664 ‘
749 3633 903 3695 Quodnam:
915 3633 1008 3696 inquit,
1020 3633 1028 3660 ⁴
1039 3645 1120 3692 genna
1132 3627 1182 3678 far·

90 3704 190 3768 tcripsit.
647 3711 746 3761 ciminia
765 3712 853 3760 multis
870 3709 946 3760 rebus
964 3709 1090 3760 refertum
1107 3706 1183 3755 Satn·

116 3783 142 3830 ³⁵
159 3783 261 3838 Cmanb.
282 3804 307 3851 p.
322 3789 438 3837 itum.
458 3785 541 3836 ‘Erat
553 3801 606 3836 mos
648 3803 700 3838 ram
713 3787 778 3836 dicit
792 3787 876 3836 Varro
893 3785 1042 3841 vocitatum.
1074 3781 1125 3828 Est
1139 3794 1184 3828 au·

87 3855 243 3926 mitrarum,
254 3863 357 3928 quando
375 3863 475 3926 Cereri,
491 3863 606 3924 Baccho,
648 3869 699 3912 tem
710 3863 760 3912 boc
778 3861 890 3924 positum
906 3859 932 3906 in
951 3873 984 3907 ιι.
1000 3857 1066 3906 libro
1084 3854 1182 3904 Plauti·

90 3934 189 3984 astutiis
202 3937 256 3986 Diis
276 3939 332 4002 agri
352 3953 438 3988 annua
454 3940 607 3988 votrsolve-
647 3953 738 3990 narum
754 3937 934 4004 quaestionum.
965 3933 1059 3984 Satura
1075 3937 1117 3980 ast
1138 3929 1183 3979 ubi

90 4013 140 4054 rent
158 4025 200 4072 pro
220 4015 271 4064 lato
295 4015 398 4079 frugum
422 4015 606 4080 fructuumque
648 4029 698 4066 uva
709 4029 786 4078 passa
798 4021 826 4062 et
846 4013 963 4075 polenta,
973 4018 1001 4058 et
1012 4007 1098 4058 nuclei
1109 4007 1180 4071 pinel

90 4093 214 4149 proventu,
226 4097 253 4140 nt
274 4091 401 4154 primitias
419 4107 503 4142 rerum
515 4092 608 4142 colleo-
648 4104 681 4138 ex
693 4089 775 4138 mulso
786 4084 934 4148 conspersi:
952 4083 986 4133 ad
1005 4083 1062 4132 baec
1079 4083 1124 4132 alii
1138 4081 1183 4130 ad-

90 4162 165 4210 ltrutn
183 4165 208 4214 in
231 4168 331 4218 lancem
352 4176 489 4232 congestas
513 4168 607 4232 cuique
648 4164 715 4214 dunt
725 4169 754 4212 et
765 4161 798 4210 de
816 4159 885 4210 malo
903 4158 997 4222 punico
1016 4157 1111 4223 grana!
1136 4156 1181 4206 Sic

91 4232 606 4310 Deoprorstionesjuscnltusofferrent}
647 4248 676 4293 et
703 4253 781 4291 7⁰⁰3
807 4234 955 4300 :mppria
984 4243 1013 4289 0²
1042 4233 1181 4298 'ltsstm
