2817 4792
534 381 758 432 ruverescrs,
1156 367 1202 432 uti

88 525 171 594 uam
184 530 300 608 gestas
318 527 449 608 sigum
466 546 531 594 uon
544 527 708 605 solebant,
722 532 807 594 teste
821 526 930 594 lliobc
942 527 966 594 i.
984 545 1018 595 u.
1063 525 1201 596 leucam

89 633 200 696 autem
216 633 274 694 aut
293 625 321 690 V
321 628 423 694 iocum
436 629 562 696 nullum
584 649 720 712 morsus
744 633 930 712 amomum
942 630 1058 697 horum
1072 635 1201 716 tempo·

88 749 163 796 rum
175 729 269 796 Fasti
280 731 362 796 inter
374 729 537 798 Consules
546 728 752 796 Ordinarins.
769 729 908 798 Rectius
917 751 997 814 ergo
1008 729 1201 800 Juuiumre·

89 838 217 915 ponunt
241 831 366 896 Codices
380 841 414 900 et
426 829 497 914 fide
512 833 634 916 pariter
653 841 687 899 et
700 851 826 896 nomeu
839 834 997 917 potiores,
1010 836 1201 919 nequidem

89 934 184 1000 metri
202 937 330 1002 ratione
342 935 539 1018 refragante,
554 941 591 1000 ut
607 937 678 1020 jam
698 934 777 1000 olim
798 935 991 1002 observavit
1004 936 1201 1006 Salmasius.

90 1036 138 1102 Et
153 1035 288 1120 quidem
311 1033 444 1100 Junium
458 1035 624 1119 duplicem
643 1035 766 1102 babuit
785 1037 881 1103 Fasti
904 1040 1015 1104 coaevi
1030 1039 1198 1121 Juvurali,

90 1139 196 1204 alium
212 1139 392 1204 Domitiani
405 1141 439 1202 in
457 1153 495 1202 x.
519 1135 702 1204 Consulatu
717 1137 899 1219 Golegam,
913 1137 1053 1223 Appium
1065 1137 1200 1209 Jooiea
1319 1163 1328 1178 ‘

92 1238 258 1317 Setinum,
281 1259 365 1306 anno
392 1239 529 1306 Domini
556 1254 735 1316 nxxxrv„
760 1239 862 1304 alium
882 1239 1051 1306 Hadriani
1075 1244 1198 1310 inuno

89 1342 204 1406 itidem
228 1341 410 1408 Consulatu
427 1359 481 1406 ιιι.
497 1342 656 1425 collegam
683 1337 1075 1410 abominemini.
1120 1346 1200 1425 Quo

89 1445 201 1510 minus
221 1446 314 1528 prior
336 1443 473 1526 intelligi
491 1444 606 1528 possit,
629 1443 765 1509 obstant
785 1443 844 1508 ille
864 1446 985 1523 omum,
1003 1465 1081 1529 qum
1102 1431 1203 1514 iubis¹

86 1545 176 1630 ipsis
203 1545 319 1610 Satiris
347 1550 531 1623 occurrunt,
562 1541 739 1608 Domitiani
767 1545 971 1630 temporibus
1006 1550 1199 1614 recentiora.

88 1644 311 1714 Posteriorcm
333 1667 411 1730 ergo
434 1649 633 1716 intellexerit
660 1653 792 1731 oportet
815 1667 902 1714 auno
927 1649 1021 1714 AErae
1053 1657 1199 1734 receptio

89 1765 201 1814 cxlx.
248 1748 327 1814 IIoc
346 1768 424 1830 crgo
448 1767 536 1814 anno
548 1754 619 1818 erut
635 1749 669 1812 in
683 1746 775 1812 exilio
791 1745 1198 1831 duceaulictestiseurum‚

89 1871 179 1934 quas
203 1851 337 1927 deridet,
359 1851 514 1918 rixarum.
559 1850 627 1916 Sed
650 1869 730 1918 vero
754 1846 859 1914 Romu
880 1851 975 1916 illum
996 1853 1117 1936 ejicere
1132 1875 1200 1922 nou

87 1955 201 2037 potuit
220 1950 382 2036 Troy'eeom,
397 1953 454 2036 qul
477 1954 521 2018 ab
544 1971 630 2020 anno
645 1973 749 2036 usquo
771 1971 865 2020 cxrr.
896 1953 1017 2022 mono
1036 1956 1109 2038 ipse
1130 1975 1199 2022 uon

88 2054 199 2133 affuit,
212 2073 273 2120 noc
286 2057 385 2122 etiam
399 2061 474 2120 ante
497 2075 616 2124 munus
631 2073 766 2122 cxvnr.
781 2075 850 2140 quo
867 2055 1012 2124 Romam
1023 2059 1117 2124 veuit
1130 2057 1198 2124 Im·

87 2163 234 2242 perutor,
255 2153 447 2222 Hadrianus.
471 2155 591 2222 Roneae
607 2159 693 2224 enim
707 2164 788 2224 nata
799 2163 851 2225 cst
864 2157 952 2223 esitii
965 2159 1093 2238 coecum,
1108 2161 1199 2246 quod

90 2253 202 2320 Rome
216 2255 337 2318 Satires
351 2258 550 2337 recitaverit,
570 2257 661 2342 quod
678 2255 786 2322 Rome
798 2259 953 2326 secundis
966 2263 1115 2328 omnium
1129 2263 1199 2328 eus·

85 2357 204 2440 irugiis
214 2365 378 2442 exceptus
391 2357 501 2436 suerit,
517 2359 607 2442 quod
621 2355 729 2422 Rome
744 2361 906 2442 Princeps
917 2361 985 2437 illc,
996 2363 1198 2446 quicumque

86 2461 201 2541 suerit,
213 2461 345 2547 ingeniis
360 2459 497 2547 fecerit,
511 2459 763 2546 profectumque
776 2460 896 2544 poetas
908 2464 1104 2530 ommuni
1119 2465 1200 2533 soli.

86 2571 144 2638 tus
166 2565 275 2642 fuerit,
298 2563 484 2648 etquidem
503 2562 789 2646 interpellantibus
810 2561 883 2646 (qui
908 2561 1043 2632 Periclis
1063 2566 1099 2630 iu
1120 2565 1199 2642 loco

85 2667 197 2734 videri
211 2663 365 2751 possent)
387 2683 447 2730 seu
466 2665 583 2742 enticis,
598 2663 801 2732 conlibertis.
845 2664 928 2731 Inde
950 2667 1039 2730 enim
1058 2667 1198 2750 sactum,

87 2779 128 2836 ut
137 2790 214 2854 quac
229 2769 263 2834 in
275 2765 405 2832 Peridio
418 2767 499 2832 olim
512 2763 651 2853 defuncti
660 2765 878 2854 opprobrium
891 2767 1082 2849 scripsisset
1093 2767 1198 2835 luve-

88 2872 192 2950 nalis,
202 2891 244 2936 oa
259 2871 418 2952 Princeps
433 2870 468 2934 in
478 2888 573 2934 suom
588 2868 813 2934 amicorumve
826 2869 999 2934 autetiam
1013 2873 1198 2952 temporum

87 2993 225 3043 suorum
240 2971 469 3040 contumelium
484 2971 658 3058 acceperit.
695 2969 779 3039 Inde
790 2971 958 3048 nimirum,
971 2976 1011 3035 ut
1021 2968 1082 3036 ieci
1096 2978 1198 3056 atque

76 3073 227 3163 joculari
241 3075 373 3150 delicto,
384 3081 422 3139 ut
434 3074 626 3140 observavit
639 3074 718 3140 vitae
737 3071 878 3150 Auctor,
900 3093 962 3158 pur
982 3074 1082 3140 etiam
1096 3093 1198 3159 poeua

85 3177 322 3246 decerneretur.
365 3175 528 3243 Semcstrec
549 3173 675 3240 Paridis
690 3174 833 3254 milities,
852 3172 1043 3242 l'rioeeeeor
1056 3177 1196 3257 scilicet,

91 3277 202 3345 Pu'e'tir
215 3280 365 3346 vendites
378 3281 558 3363 exprobrat
571 3279 593 3345 J
596 3279 747 3346 uveuulis
757 3278 829 3344 Set
845 3295 910 3344 vn.
926 3278 980 3344 88.
995 3279 1048 3344 89.
1063 3279 1117 3346 99.
1143 3279 1199 3346 Itu

87 3382 257 3458 nimirum,
278 3391 315 3452 ut
331 3378 500 3468 Profectus
523 3379 671 3464 Pelopea,
696 3379 848 3446 l'rt'burrcr
872 3377 1049 3446 *Philomela
1072 3381 1197 3450 secent

89 3483 236 3551 Proinde
246 3485 319 3567 ipse
333 3481 465 3548 cabiren
476 3480 660 3568 profecturo
671 3484 814 3552 donatus
827 3489 891 3561 oet,
898 3483 997 3568 quusi
1010 3483 1198 3550 §utimum

89 3586 242 3670 proemio.
288 3585 393 3650 Pione
413 3584 478 3655 hoc
499 3605 560 3671 pru
583 3585 692 3656 iauola
709 3583 873 3650 Hodee'oru'
896 3586 981 3650 satie
995 3581 1151 3669 joculari,
1164 3589 1200 3650 ct
1282 3619 1288 3632 ·

84 3707 188 3772 poeuec
208 3687 297 3764 loco,
321 3692 355 3752 et
379 3686 556 3769 ineuntem
579 3684 711 3754 beroeis.
754 3685 911 3771 (injectat
932 3687 990 3752 ille
1003 3684 1127 3748 ceaulin
1140 3685 1200 3750 illa

89 3787 249 3874 poium
262 3791 563 3859 emtommuoruiuc
588 3789 689 3868 edita,
714 3795 934 3872 captatorque
957 3787 1043 3853 adeo
1064 3786 1108 3849 ub
1132 3785 1200 3852 iure

91 3891 273 3960 alienorum
294 3909 431 3974 operum
451 3890 603 3958 honoros.
648 3889 777 3959 Nescio
798 3911 843 3956 an
862 3889 1000 3973 proinde
1013 3884 1132 3972 ingenii
1144 3887 1199 3954 eui

88 3993 192 4060 toetus
203 3992 268 4058 sub
278 3989 456 4056 libertorum
465 3993 599 4063 uomiuec
608 3993 750 4060 ediderit
759 3986 1200 4075 Hadrianus,(boueuimdc

89 4115 132 4162 eo
151 4100 294 4165 roseto
308 4092 536 4179 Spartianus)
554 4114 624 4180 quo
647 4115 684 4164 se
701 4096 789 4162 celeo
810 4095 953 4160 alienum
974 4091 1201 4184 manderetur

88 4195 237 4266 convitio
260 4195 318 4264 illo
344 4197 500 4280 captandi
520 4196 650 4266 debitos
675 4193 972 4280 olienisoperibus
990 4195 1143 4270 bonores,
1163 4197 1201 4261 ut
