2817 4792
439 393 510 440 nnn
535 389 661 440 raros
686 393 858 442 nrousrn.
957 358 966 376 ’
1152 381 1197 450 ω

259 532 303 598 Α.
320 533 364 600 U.
377 533 416 598 C.
430 533 505 600 845.
549 531 671 599 Christi
689 533 745 600 92.
780 533 956 602 Iuvenalis
968 540 1022 604 51.

132 663 364 748 Quintilianus,
393 666 522 734 Rhetor
551 671 795 749 celeberrimus,
819 671 975 756 idemque
999 673 1194 754 ditissimus,

68 772 281 835 institutioni
295 771 440 836 filiorum
454 773 579 836 sororis
601 791 623 836 a
645 771 839 839 Domitiano
854 773 1047 858 praeficitur,
1062 783 1095 842 et
1110 780 1194 846 sorte

71 891 143 955 per
155 879 286 957 patrem
300 891 424 952 eorum,
441 871 596 937 Flavium
611 872 823 954 Clementem,
837 883 1027 943 ornamenta
1039 879 1194 965 impetrat

73 977 296 1040 consularia:
320 997 351 1040 r.
367 975 410 1040 ud
425 974 494 1039 Sat.
513 993 580 1041 vn.
596 977 750 1043 188198.

260 1171 303 1236 A.
318 1171 360 1236 U.
377 1170 416 1238 C.
432 1172 507 1237 846.
551 1172 742 1241 christina.
785 1176 959 1244 iuvenalia
974 1181 1027 1247 52.

128 1307 271 1372 Baebius
288 1305 396 1370 Murra
412 1319 621 1377 accusatura
636 1311 748 1378 Plinio
757 1314 890 1398 juniore
903 1321 937 1378 et
950 1313 1140 1398 Senecione,
1153 1338 1194 1386 ac

76 1409 278 1476 damnatur:
300 1429 333 1475 v.
349 1411 392 1476 ad
408 1413 479 1480 Sat.
497 1433 520 1478 r.
535 1415 590 1481 35.
915 1426 919 1434 ’

254 1608 298 1674 A.
316 1609 359 1676 U.
375 1609 416 1677 G.
430 1611 507 1679 847.
552 1613 676 1680 Christi
690 1615 744 1680 94.
787 1615 962 1683 luvenalis
978 1621 1030 1686 59.

132 1742 346 1808 Domitianus
367 1745 586 1830 philosophos
612 1746 703 1812 Urbe
726 1749 892 1834 Italiaque
916 1763 1110 1820 summovet.
1141 1754 1195 1820 Cf.

77 1845 227 2014 maamad
253 1843 390 1929 Argum.
428 1847 499 1912 Sat.
534 1864 573 1912 11.
597 1855 630 1913 et
653 1850 817 1924 Dodwell.
841 1851 928 1919 Anu.
953 1854 1066 1933 Quint.
1102 1857 1192 1942 §la

79 1957 120 2012 et
181 1999 189 2013 .

252 2115 298 2181 A.
314 2117 357 2182 U.
373 2118 412 2183 C.
428 2121 503 2186 848.
548 2120 671 2188 Christi
688 2123 743 2188 95.
785 2122 960 2188 luvenalis
974 2124 1027 2188 54.

132 2266 258 2336 Aciliae
280 2270 431 2349 Glabrio,
455 2271 513 2354 qui
538 2290 612 2335 eum
637 2269 784 2354 'lhajano
809 2271 927 2336 couml
954 2269 1070 2350 fuera,
1090 2271 1193 2355 juaau

83 2373 275 2437 Domitiani
300 2373 462 2438 oooiditur
492 2393 569 2438 cum
596 2373 767 2440 Herennio
797 2372 986 2450 Senecione,
1022 2372 1064 2438 1..
1077 2449 1080 2456 .
1093 2373 1196 2440 lunio

82 2475 243 2553 Rustico,
273 2474 323 2562 (v.
352 2476 395 2540 ad
424 2475 495 2542 Sat.
527 2492 592 2539 xv.
620 2476 689 2554 27.)
732 2475 889 2538 Sallustio
921 2473 1075 2554 Lucullo,
1103 2475 1196 2542 AElio

83 2577 218 2654 Lamia,
242 2575 348 2640 Metio
372 2575 606 2661 Pompesiauo,
626 2583 660 2641 et
682 2576 777 2641 aliis:
800 2597 833 2642 v.
859 2575 902 2638 ad
925 2573 993 2640 Sat.
1010 2593 1061 2640 ιν.
1085 2579 1130 2642 94
1144 2597 1197 2662 aq.

82 2681 162 2744 154.
207 2677 335 2742 Eodem
350 2678 432 2742 sorte
453 2684 599 2762 tempore
618 2677 640 2743 J
644 2677 763 2756 udaeis,
778 2699 799 2741 a
818 2677 1020 2756 Domitiano,
1036 2684 1073 2742 ut
1092 2699 1196 2763 quon·

83 2781 166 2846 dum
180 2800 204 2845 a
218 2777 374 2859 Claudio,
390 2779 501 2844 Roma
522 2779 642 2862 pulsis,
657 2780 789 2844 locatur
800 2777 897 2843 lucus
915 2777 1159 2860 Camoeuarum,
1174 2799 1198 2845 a

84 2881 206 2946 Numa
223 2883 276 2948 hia
296 2887 460 2960 oneratus,
480 2881 569 2946 unde
589 2883 624 2946 in
644 2881 771 2946 Urbem
794 2880 1016 2944 mendicatum
1036 2881 1196 2946 raticina-

84 2993 224 3068 tumque
237 2985 383 3050 veniunt.
428 2983 481 3048 cf.
497 2984 541 3050 ad
555 2983 625 3048 Sat.
643 3001 702 3047 111.
718 2983 762 3048 13
776 3002 830 3065 sq.
843 2986 878 3045 et
892 2997 942 3044 vr.
956 2981 1023 3046 542
1036 3000 1091 3066 aq.

255 3197 298 3263 A.
316 3196 361 3262 U.
376 3195 416 3262 C.
430 3197 505 3262 849.
550 3195 674 3260 Christi
688 3195 744 3260 96.
786 3192 961 3258 luvenalis
975 3193 1029 3257 55.

133 3345 350 3424 Domitianus,
366 3348 425 3430 qui
447 3345 538 3411 omni
559 3345 731 3410 nobihtate
751 3345 900 3408 extincta
917 3344 988 3428 jam
1010 3344 1044 3407 iu
1065 3343 1198 3426 plebem

85 3470 223 3538 quoque
237 3450 358 3514 saevire
373 3453 532 3532 coeperat,
547 3448 747 3512 trucidatur:
770 3466 803 3510 v.
816 3444 859 3509 ad
874 3445 945 3509 Sat.
961 3462 1012 3508 rv.
1025 3446 1100 3510 153.
1118 3447 1194 3511 154.

86 3553 218 3619 Eodem
232 3569 318 3616 anno
332 3551 469 3615 moritur
483 3549 524 3614 P.
536 3548 701 3633 Papinius
718 3545 838 3611 Statius
850 3543 962 3632 polita,
978 3548 1035 3630 qui
1049 3567 1071 3611 a
1080 3547 1195 3612 Domi·

85 3659 179 3722 tiano
201 3662 237 3720 et
259 3651 380 3718 Paride
403 3650 529 3716 divitiis
550 3649 797 3734 honoribusque
818 3656 936 3715 auctus
955 3654 1034 3713 erat.
1073 3647 1126 3713 Cf.
1149 3649 1194 3713 ad

88 3759 160 3824 Sat
181 3773 262 3821 vrrr.
276 3755 387 3821 8293.
419 3791 423 3800 ·

160 3955 206 4020 A.
222 3951 269 4018 U.
284 3953 322 4018 C.
335 3953 490 4020 849851.
534 3951 656 4020 curisti
670 3953 785 4020 96-98.
828 3948 1129 4016 luvenalisbb-h7.

131 4105 183 4170 Μ.
200 4104 364 4170 coeamus
379 4105 494 4170 Nerva
507 4105 688 4190 Imperator
706 4107 769 4181 ost,
793 4101 836 4168 ad
857 4118 956 4184 quam
970 4099 1051 4165 sorte
1065 4104 1197 4184 specht

86 4207 218 4281 initium
235 4206 307 4270 Sat.
324 4222 387 4270 vrr.
