2817 4792
525 397 748 448 suvuuacrs.
1141 386 1186 454 lt

71 547 123 610 ab
147 563 188 609 eo
209 541 354 607 noudum
376 539 475 618 edito,
499 545 538 604 ut
562 559 604 606 ne
633 541 768 626 quidem
791 537 985 608 Amicorum
1011 543 1187 610 auditoriis

70 645 247 711 recitanda
260 643 451 708 crederetm.
493 639 553 708 Sic
568 645 655 708 enim
678 645 847 731 subjungit
858 643 1001 711 Auctor:
1025 643 1071 710 la
1084 655 1188 718 tamea

74 747 136 810 dia
161 768 200 811 oe
223 741 342 809 modico
370 742 494 830 quidem
530 743 700 810 Auditorio
737 745 904 832 qaisquam
933 747 1119 813 committere
1145 757 1190 810 est

74 869 185 913 ausus.
244 848 286 912 Id
309 847 399 931 quod
422 847 523 912 enam
546 849 661 932 primis
683 848 791 932 prima
822 845 936 913 Satis-e
956 850 1070 914 verula
1104 851 1189 915 sous

75 955 193 1033 aperte
218 947 384 1032 significat
401 947 475 1030 ipse
497 946 683 1014 iuvenalis.
729 949 804 1014 Nec
826 950 914 1014 euim
940 951 1008 1016 alio
1035 957 1188 1035 spectare

71 1050 234 1114 ridentur
266 1049 336 1127 illa,
359 1049 393 1112 in
419 1049 541 1132 quibus
570 1051 726 1132 queritur,
747 1051 873 1117 tamdiu
891 1071 929 1117 se
962 1053 1066 1118 inisse
1098 1051 1189 1118 Pos-

74 1157 188 1215 tarum
200 1151 406 1224 recitantium
421 1147 604 1227 auditorem,
627 1169 760 1235 semper
779 1149 925 1216 clamans
942 1151 1108 1218 Frontonis
1115 1150 1190 1238 pia·

77 1262 184 1330 tonos,
206 1255 240 1316 et
254 1249 399 1315 conculsa
415 1271 584 1332 marmora,
606 1261 774 1338 raptosque
797 1253 918 1318 assiduo
943 1253 1053 1320 lectore
1074 1253 1189 1320 odam·

75 1375 159 1418 oar:
183 1353 345 1436 cumipse
358 1351 647 1418 scilicetuondum
671 1355 705 1418 in
729 1375 772 1420 eo
785 1357 904 1440 scripti
916 1375 1034 1440 genere
1048 1355 1189 1424 aliorum

74 1455 273 1539 patientiam
289 1455 506 1518 exercuisset
550 1454 635 1518 Tam
660 1455 756 1537 longe
779 1457 915 1524 aberunt
936 1457 995 1522 illa
1017 1478 1038 1522 a
1059 1453 1190 1521 Paridis

75 1559 129 1622 ira
145 1555 360 1634 concitanda,
376 1555 405 1620 si
419 1554 474 1620 rel
487 1556 667 1638 superstite
676 1554 800 1620 Paride
809 1557 947 1623 {iissent
960 1561 1099 1642 scripta,
1112 1579 1189 1624 eum

75 1659 209 1723 irritare
223 1677 289 1722 uon
303 1661 448 1740 possent,
471 1675 547 1721 cum
566 1656 714 1732 nondum
730 1669 938 1726 emanassent
958 1661 993 1723 ia
1016 1659 1187 1744 pubiicum.

78 1760 113 1824 N
114 1779 156 1824 ec
171 1765 286 1824 tamen
298 1759 477 1823 verisimile
496 1763 548 1824 est
571 1768 645 1822 aare
659 1758 770 1824 codem
786 1759 919 1826 Paridis
933 1763 986 1828 vel
1002 1763 1094 1828 illam
1108 1783 1189 1846 poa·

78 1882 186 1926 coram
201 1881 342 1924 semaam
360 1857 501 1922 satiram
516 1863 692 1947 scripsisse
705 1863 913 1930 Juvenulem.
951 1864 1057 1943 Nihil,
1071 1865 1190 1942 femor,

77 1964 118 2028 de
133 1963 328 2045 scriptionis
343 1971 476 2046 tempore
490 1970 682 2030 accuratum
695 1965 840 2044 tradidit,
861 1985 960 2051 quem
979 1969 1114 2031 unicum
1130 1967 1190 2031 he·

75 2067 200 2130 benum
225 2063 267 2127 de
293 2063 344 2128 his
368 2063 468 2128 rebus
489 2069 615 2144 testam
638 2067 719 2130 vitm
742 2064 871 2132 Auctor
892 2065 1101 2152 Anonymns,
1146 2066 1189 2132 Id

76 2187 180 2235 unum
195 2165 334 2242 indicat,
353 2175 423 2249 post
439 2163 570 2229 medium
585 2175 705 2231 atatem
729 2167 773 2231 cd
794 2167 854 2232 illa
867 2167 1065 2233 Iuvenalem
1079 2167 1191 2234 studia

78 2268 273 2334 deflexisse.
317 2265 385 2331 Sed
398 2267 479 2332 nihil
492 2267 592 2350 plane
615 2266 658 2332 de
680 2267 802 2333 studiis
823 2268 896 2353 ejus
919 2268 1062 2352 poilicis
1077 2268 1188 2333 Poeta

79 2369 261 2436 Martialis.
275 2367 357 2454 (Ep.
373 2385 441 2432 vu.
454 2364 527 2451 24.)
549 2367 587 2431 Is
602 2373 711 2432 tumen
721 2388 758 2432 se
769 2367 983 2433 itaJuvenali
993 2369 1191 2433 familiarem

79 2471 185 2538 mssa
201 2469 370 2552 gloriatur,
393 2474 510 2534 utnon
523 2467 632 2550 magis
647 2467 771 2552 Pyladi
786 2468 915 2532 amicus
927 2468 1026 2534 tuerit
1045 2466 1191 2548 Orestes,

81 2581 141 2639 aut
151 2573 305 2638 Theseus
320 2569 482 2648 Pirithoo,
504 2589 547 2633 ne
572 2568 627 2636 rel
650 2567 1086 2635 arcanaJuroualisstudia
1100 2569 1192 2636 no-

3 2687 5 2696 ‘
80 2675 193 2740 tiulern
222 2674 360 2738 latuisse
389 2673 608 2755 suspicemur.
652 2671 727 2735 Imo
760 2690 782 2736 a
807 2671 947 2737 mortuis
970 2671 1027 2736 ille
1048 2671 1138 2757 (Set.
1164 2689 1193 2738 r.

81 2775 188 2860 extr.)
202 2774 375 2859 prudentor
390 2773 620 2838 abstinendum
633 2792 710 2838 csse
724 2779 848 2838 censet
891 2771 1037 2838 Tantum
1047 2774 1142 2838 abest
1154 2781 1192 2841 ut

80 2878 185 2942 uiuam
202 2873 350 2939 Paridem
364 2876 418 2941 rel
431 2877 466 2940 in
476 2874 584 2961 prima
598 2875 658 2941 illa
671 2874 782 2938 Sotira
795 2875 967 2940 laceraret.
1010 2875 1189 2941 saniorum

80 2999 158 3062 ergo
177 2977 364 3044 Auctorum
377 2979 444 3042 iste
458 2981 532 3041 sunt
553 2976 780 3041 tautummodo
794 2974 974 3051 ratiocinio,
995 2993 1061 3039 non
1078 2981 1191 3042 autom

79 3087 258 3146 eveterum
271 3079 542 3144 monimentorum
563 3095 681 3144 coaeva
705 3075 772 3141 lide
795 3075 969 3160 depromta
990 3077 1189 3142 testimonie

84 3181 171 3248 Cum
186 3201 266 3247 vero
287 3201 383 3266 genos
397 3180 556 3264 scriptura
577 3177 763 3243 industriose
787 3177 947 3256 excoleret,
968 3185 1039 3243 turn
1062 3183 1095 3243 et
1117 3176 1192 3241 reli-

85 3305 178 3368 quam
194 3281 375 3346 Satirarum
390 3303 498 3366 corpas
513 3283 660 3368 scripsit,
683 3285 784 3365 inque
807 3282 920 3360 illam,
933 3301 1033 3364 quarn
1055 3282 1193 3345 retinent

83 3384 264 3470 hodieque,
286 3377 426 3449 formam
440 3382 576 3466 redegit,
599 3390 633 3449 et
647 3403 682 3447 eo
699 3402 829 3467 qaoque,
850 3403 916 3467 qao
935 3381 1040 3466 priora
1052 3379 1194 3466 fecerat,

86 3487 172 3550 nouis
197 3485 322 3570 seriptis
343 3483 515 3571 irffercicit.
559 3484 645 3550 Sunt
661 3485 749 3548 euim
772 3483 832 3548 illa
850 3481 1007 3549 Auctoris
1022 3481 1193 3567 Anonymi

87 3589 201 3654 rerba:
237 3585 318 3650 Mor
339 3607 454 3673 magno
467 3583 653 3672 frequentia
670 3605 841 3670 magnoque
854 3605 989 3649 successa
1014 3582 1060 3647 bis
1083 3605 1120 3646 ac
1146 3593 1194 3646 ter

87 3687 209 3752 unditus
224 3699 279 3767 cst,
301 3699 336 3752 at
351 3711 387 3753 eo
402 3707 531 3774 qaoque,
553 3709 619 3772 qua
633 3685 737 3772 primo
752 3683 889 3770 fecerat,
917 3683 1079 3769 inferciat
1105 3684 1194 3748 ironis

86 3791 217 3876 scriptis.
263 3791 443 3868 Recitavit,
458 3791 492 3854 ni
506 3790 612 3867 tutor,
628 3790 753 3867 omnia,
772 3790 948 3872 emisitque
960 3789 997 3851 in
1009 3785 1192 3871 poblicum,

87 3911 170 3957 anno
186 3899 514 3977 cxv111.postquam
530 3890 673 3956 Romam
696 3891 842 3955 uenisset
861 3887 1070 3964 Hadriams,
1094 3907 1193 3970 quem

84 3993 136 4058 ille
151 3995 342 4078 Principem
357 4013 379 4058 c
391 3993 550 4060 benevolo
565 3991 639 4076 ejus
662 3993 697 4056 in
720 3993 794 4058 hoec
814 3989 926 4056 studia
944 3988 1056 4052 animo
1071 3989 1105 4052 in
1119 3990 1185 4054 hac

87 4095 162 4177 ipsa
177 4097 290 4162 Sotira
302 4099 384 4174 (vu.
399 4097 444 4172 l.)
467 4097 502 4160 in
524 4115 594 4178 qua
607 4099 783 4158 occurrunt
795 4089 901 4156 rerba
913 4089 974 4155 illa
992 4090 1035 4155 de
1057 4089 1192 4168 Paride,
1304 4157 1309 4165 ,

88 4197 305 4268 emmenum
349 4196 442 4276 lude,
463 4197 497 4280 ni
511 4195 618 4274 fallor,
641 4196 771 4262 animos
784 4192 905 4258 sumsit
926 4192 1055 4277 scripta
1075 4209 1139 4258 sua
1156 4193 1192 4258 in
