2817 4792
686 397 887 448 BXGURSUS

575 743 1002 821 EXCURSUS

647 1006 700 1058 Ab
718 1007 930 1061 ssr.v11.so.

282 1259 562 1330 Ιαααίιὶαεαπω
582 1261 617 1327 ia
638 1259 738 1328 lortir
759 1257 958 1326 Marmarata
971 1261 1094 1327 1214.
1109 1262 1213 1327 atita
1229 1259 1355 1325 emund.

238 1367 385 1432 Gronov.
400 1366 504 1431 Obss.
526 1383 582 1430 ιιι.
604 1365 659 1431 13.
680 1370 765 1429 extr.
787 1364 906 1446 probb.
929 1362 1045 1426 Bnrm.
1071 1359 1117 1427 ad
1146 1361 1293 1427 Anflrol.
1317 1375 1354 1423 11.

236 1490 273 1554 p·
285 1471 341 1536 66.
352 1475 387 1535 ot
407 1468 568 1534 Schurnfl.
586 1469 646 1553 qni
667 1467 943 1532 audactertotum
964 1465 997 1529 b.
1024 1464 1117 1530 Lito
1140 1463 1352 1545 corrigebat:

226 1575 337 1659 jaceat
356 1568 503 1636 Lucanas
523 1569 559 1633 ia
584 1569 682 1633 bortis
703 1566 911 1635 Marmoreas.
959 1564 1009 1632 Sit
1035 1565 1174 1632 Serrano
1206 1564 1354 1650 tenuram

238 1669 342 1736 Saleio
369 1669 483 1736 Gloria
498 1680 590 1734 tanta
605 1669 688 1747 licet,
713 1668 791 1756 quid
809 1676 872 1736 cet.
896 1675 934 1736 ut
956 1669 1118 1736 antenna
1138 1669 1175 1734 h.
1199 1667 1226 1733 l.
1247 1673 1352 1732 osset:

236 1779 366 1840 statuas
380 1773 490 1859 politis
502 1775 634 1859 positas
647 1793 713 1839 non
726 1774 855 1838 solvere
869 1793 917 1838 aes
927 1773 1079 1849 alienum,
1089 1789 1158 1856 quo
1167 1775 1352 1835 teneantur.

237 1875 318 1953 Sed,
333 1881 372 1938 nt
382 1876 452 1938 alia
465 1881 606 1951 taccam,
619 1875 668 1938 ita
681 1881 770 1939 certa
790 1884 848 1938 stet
868 1873 1044 1937 dicendum
1059 1877 1140 1950 erat,
1155 1891 1225 1936 non
1229 1871 1351 1956 jaceat.

238 1977 297 2042 Sic
312 1995 410 2040 aneas
423 1983 459 2038 at
474 1983 532 2070 step
552 1991 607 2055 ap.
624 1974 749 2039 Horat.
765 1974 836 2056 Sat.
851 1991 892 2038 ιι.
902 1975 936 2038 3.
952 1973 1028 2038 183.

282 2075 405 2160 Eepro
431 2085 466 2139 at
484 2078 539 2140 ll.
554 2075 664 2140 14-25.
686 2076 742 2141 27.
757 2075 813 2140 30.
836 2077 948 2140 45-50.
973 2074 1085 2140 54-63.
1104 2073 1349 2140 65-69.71-73.

236 2177 291 2244 sal
319 2179 466 2243 malebat
487 2177 636 2243 Gronov.
661 2179 685 2242 l.
704 2175 913 2241 l.-—Sarrano
939 2176 992 2240 11.
1010 2173 1127 2241 18-21.
1142 2175 1200 2242 23.
1224 2178 1283 2242 24.
1299 2175 1350 2241 28.

238 2281 294 2346 ao.
312 2280 495 2346 asclas.
541 2278 732 2345 sammaa.
748 2279 863 2344 assa.
878 2279 932 2344 aa.
954 2277 1078 2344 sacr.
1124 2275 1351 2342 sarnanum.
1399 2237 1400 2331 l

239 2381 359 2448 Gentis
374 2380 489 2448 Atiliaa
502 2402 683 2466 cognomen
703 2384 740 2446 in
754 2383 865 2446 nnmis
879 2389 912 2448 et
924 2400 1073 2446 marmm.
1118 2377 1289 2444 Sar-ranas
1303 2381 1352 2444 rel

241 2482 384 2548 Soranus
395 2485 561 2562 scribitur,
575 2489 609 2548 ct
623 2502 645 2548 a
665 2483 805 2549 devictis
822 2480 983 2562 Sarranis,
992 2481 1116 2566 TyriiS,
1125 2481 1224 2566 (nani
1238 2479 1353 2561 Sarra,

241 2603 319 2664 bis,
344 2585 491 2669 priscum
511 2585 595 2668 Tyri
616 2605 747 2663 nomen,
771 2584 813 2648 da
836 2600 905 2668 qno
920 2605 952 2648 v.
966 2583 1053 2648 Gall.
1080 2598 1162 2648 xlv,
1186 2579 1243 2667 5.)
1264 2583 1300 2648 b.
1325 2603 1353 2647 a.

238 2685 367 2764 Poenis,
392 2687 447 2750 val
476 2687 589 2771 potins
620 2706 641 2751 a
679 2685 834 2766 Sarrano,
864 2685 1000 2771 arrtiqno
1022 2684 1172 2749 Umbria.
1209 2685 1353 2770 oppido,

236 2789 339 2875 (undo
367 2786 556 2850 Sarranates
576 2789 659 2854 dicti
683 2789 782 2854 Plin.'
797 2786 1151 2872 111.14.)dcducitnra
1175 2787 1352 2854 Drakonb.

239 2891 284 2956 ad
299 2891 359 2955 Sil.
376 2906 427 2953 vl.
437 2889 491 2954 62.
505 2877 540 2956 el
555 2890 706 2956 Perinon.
722 2891 904 2956 Animadv.
918 2891 997 2958 hist.
1020 2911 1051 2956 c.
1066 2891 1097 2955 1.
1119 2911 1154 2974 p.
1167 2891 1225 2955 24.
1245 2897 1283 2956 ot
1299 2892 1351 2957 33.

236 2993 295 3059 ubi
322 2993 514 3057 doctissime
535 2993 577 3056 da
604 2993 733 3058 familia
758 2995 864 3076 agitur
892 2991 999 3058 Atilia
1027 2993 1188 3078 multique
1219 3013 1352 3059 errores

234 3094 387 3177 vulg-arba
400 3093 590 3156 relabantur.
632 3093 814 3176 Vulgatam
836 3089 952 3159 con'tra
966 3095 1163 3177 scripturam
1190 3091 1352 3160 Serranus

235 3199 363 3261 tuantur
383 3193 505 3258 Heins.
522 3193 567 3257 ad
589 3193 686 3276 Virg.
711 3193 790 3258 AEn.
811 3211 863 3258 vr.
887 3193 962 3259 845.
986 3199 1020 3257 ot
1040 3195 1108 3272 alii,
1129 3195 1190 3278 qui
1212 3207 1353 3281 propter

236 3298 418 3375 historiam,
442 3316 486 3359 ox
510 3293 582 3361 cic.
601 3295 707 3361 Rosa.
728 3293 840 3360 Amor.
865 3315 894 3360 c.
909 3295 965 3359 18.
1006 3293 1094 3358 Plin.
1120 3300 1301 3364 xv111.8.
1323 3304 1353 3362 et
1398 3299 1399 3318 .

228 3399 348 3486 ,Valon
364 3399 461 3463 Max.
487 3416 537 3461 ιν.
560 3400 592 3463 4.
610 3399 642 3462 5.
662 3398 880 3476 notissimam,
903 3395 1008 3462 Atilio
1028 3397 1092 3461 boc
1116 3415 1313 3480 cognomen
1334 3421 1352 3464 a

234 3500 358 3566 &arendo
378 3502 490 3565 datum
504 3507 633 3583 putant.
677 3501 732 3565 lta
754 3506 863 3565 tamen
879 3497 1019 3578 Serenus,
1035 3499 1087 3564 vol
1104 3495 1247 3564 Soranus
1264 3513 1353 3569 ceno

220 3602 394 3669 ‘dicendus
406 3600 626 3667 crab-Salso
639 3623 700 3687 pro
717 3599 822 3665 Saleio
843 3603 897 3667 71.
943 3599 1052 3666 Salina
1065 3601 1119 3666 48.
1161 3599 1283 3669 Salina
1301 3606 1351 3671 vel

234 3705 336 3770 salino
355 3723 528 3790 perperam
547 3705 659 3770 10-12.
673 3705 914 3770 14-17.·19-24.
929 3705 983 3769 45.
1004 3705 1060 3769 46.
1074 3703 1188 3768 61-63.
1209 3711 1246 3770 et
1267 3709 1350 3772 sorta

235 3814 332 3874 votus
361 3807 472 3871 Schol.
494 3808 593 3890 cujus
617 3808 729 3889 glossa
752 3827 797 3870 ax
823 3808 989 3872 emendat.
1014 3804 1104 3868 Pitb.
1126 3810 1160 3868 ct
1180 3805 1350 3873 Sabus-ili.

234 3913 285 3976 sic
309 3911 447 3994 legenda
471 3909 618 3973 videtur:
644 3907 820 3972 ‘Nomina
847 3913 922 3971 sunt
949 3903 1121 3990 poa'tarum
1139 3925 1348 3991 pauperum3

236 4018 294 4076 ant
311 4033 333 4077 a
355 4015 489 4077 Serrano
512 4030 593 4076 vaso
616 4009 722 4089 fictili,
744 4010 866 4093 inquo
885 4006 1010 4074 Atilius
1033 4005 1196 4072 Serranus
1216 4010 1348 4075 solebat
1397 4011 1398 4054 i

235 4113 422 4179 mendicare
450 4113 550 4199 (forta
575 4108 788 4194 manducare).
817 4108 921 4172 Saleio
945 4108 985 4194 (f.
1010 4105 1138 4190 Salina)
1164 4109 1274 4174 lanai.-
1303 4114 1348 4176 all

156 4199 160 4207 ’
236 4212 458 4278 mendicorum
482 4215 631 4280 catillum
651 4214 798 4292 fictilem,
818 4215 854 4278 in
875 4231 943 4298 qno
960 4231 1012 4292 aa,
1043 4231 1120 4296 qnae
1144 4213 1242 4279 salsa
1259 4221 1344 4293 sunt,
1396 4287 1398 4314 1

1388 4353 1398 4760 l
