2817 4792
450 359 536 410 vrrs
560 359 782 422 rursuucrs,
803 348 867 411 tic.
1163 347 1208 414 45

95 505 142 569 ad
164 503 234 568 Sat
251 521 275 568 ι.
289 503 345 570 44.
367 510 402 570 et
427 521 492 570 ιιι.
514 507 581 572 147
607 503 698 590 sqq.)
722 525 791 589 qno
812 506 914 572 etiarn
936 513 1083 592 tempore
1103 511 1146 574 ab
1165 528 1207 574 eo

94 609 213 672 forsan
227 607 261 671 in
276 608 414 672 exilium
436 610 557 673 missus
583 605 740 672 Secundus
756 607 910 673 Cerrinus
930 612 1049 691 rhetor,
1074 609 1116 676 de
1138 632 1207 696 quo

94 729 131 772 v.
147 709 191 773 ad
207 709 276 774 Sat.
296 727 359 773 vri.
374 711 451 774 aul.
495 709 563 774 Hic
578 729 658 775 vero
673 707 828 792 Caligula
842 721 1049 779 successerat
1071 704 1205 791 Tiberio,

97 811 143 875 de
158 811 254 894 cujus
270 831 404 876 secessu
420 811 615 895 Caprecnsi,
635 809 683 895 (a.
695 809 739 873 U·
750 829 780 874 c.
793 809 969 897 7811790.)
988 815 1157 898 tyrannide
1173 821 1208 880 et

95 916 281 980 amicorum
296 915 443 997 principe
457 913 592 996 Sejano,
607 913 771 998 hujusque
792 918 958 997 potestate
971 935 1012 980 ac
1033 921 1150 993 morte,
1171 935 1204 981 v.

96 1015 374 1082 sat.x.5o113.

143 1117 198 1182 De
225 1119 417 1201 parentibus
446 1117 558 1201 poetae
586 1119 692 1184 nostri
726 1117 807 1184 nihil
834 1121 1004 1186 memorias
1038 1112 1206 1203 proditum

93 1221 271 1303 reperitur,
287 1225 408 1303 praeter
420 1218 467 1296 id,
491 1218 580 1303 quod
603 1217 704 1284 tradit
727 1216 922 1284 Suetonius:
948 1218 1143 1286 ‘surmus
1167 1214 1207 1286 li·

94 1321 218 1386 berum
231 1321 420 1404 locupletis,
436 1321 594 1385 incertum
608 1319 711 1401 filius,
730 1341 773 1386 au
788 1311 958 1387 alumnus?

142 1423 340 1488 Proenomou
353 1421 528 1487 luvenalis
544 1419 709 1516 Decimum
723 1442 809 1500 esse,
830 1438 898 1486 nou
920 1417 1064 1504 Decium,
1084 1433 1207 1510 praetet
1252 1447 1257 1458 ·

95 1527 186 1592 alios
211 1525 330 1591 docuit
352 1523 439 1589 Lud.
464 1521 583 1588 Carrio
609 1522 796 1590 Emendatt
820 1543 895 1608 cup.
909 1525 942 1589 1.
983 1521 1041 1590 Ab
1063 1528 1229 1612 antiquis·

95 1647 174 1692 eum
189 1627 332 1692 librariis
347 1623 560 1690 communiter
575 1621 724 1688 Ellicum
738 1625 972 1708 cognominari,
986 1624 1092 1712 (lund
1106 1629 1207 1694 dubie

95 1735 234 1812 propter
246 1727 390 1812 plurima
401 1745 529 1790 momrn
539 1732 721 1810 praecepta,
737 1745 813 1809 quae
829 1728 940 1792 satiris
954 1729 1026 1793 suis
1034 1727 1207 1816 intexuit)

96 1838 135 1896 nt
150 1829 342 1898 Martialem
356 1849 495 1914 coquum,
520 1827 733 1912 Propertium
749 1837 891 1908 renatum,
906 1827 1065 1896 Ovidium
1080 1828 1207 1912 Getam,

101 1933 249 1998 Statium
281 1928 481 2016 Aquilinum,
514 1928 733 1994 Prudentium
759 1950 922 2008 umorum,
950 1940 1061 1998 monet
1093 1933 1208 1998 Barth.

101 2033 374 2099 Advers.v1.1.
418 2031 547 2097 Eodem
570 2034 702 2097 nomine
725 2035 854 2117 passim
875 2033 1028 2101 laudatur
1055 2055 1078 2100 a
1106 2034 1208 2102 Petro

98 2135 271 2202 Blaesensi
292 2139 327 2202 in
349 2135 524 2220 Epistoiis,
547 2132 570 2199 J
573 2155 604 2199 o.
625 2133 871 2214 sarisberiensi,
884 2135 1063 2204 Vincentio
1077 2139 1207 2205 bellov.

97 2241 241 2322 aliisque
259 2239 358 2323 hujus
372 2239 437 2302 aevi
452 2237 684 2321 scriptoribus,
708 2240 765 2322 qui
778 2243 812 2303 ei
824 2240 969 2322 reliquos
990 2239 1111 2324 poetas
1126 2242 1207 2307 sati·

95 2344 187 2406 ricos
199 2359 321 2404 vocare
336 2339 443 2404 solent
460 2336 584 2418 ellicus,
599 2341 758 2424 quoniam
779 2338 861 2416 linea
879 2342 1088 2424 potissimum
1102 2343 1146 2406 ab
1163 2343 1207 2407 iis

95 2451 288 2508 mactamur.
311 2439 364 2506 Cf.
379 2429 468 2505 Dan·
492 2441 611 2506 Hcins.
628 2441 669 2505 de
693 2442 764 2506 Sat.
780 2440 904 2506 Horat.
925 2442 984 2504 lib.
1001 2458 1025 2504 ι.
1048 2463 1082 2527 p.
1095 2444 1148 2510 48.
1174 2449 1207 2509 et

96 2545 216 2610 Nicol.
224 2541 369 2608 Antonii
384 2543 474 2608 Bibi.
488 2531 565 2608 vet.
581 2541 685 2627 Hisp.
700 2542 760 2606 lib.
775 2558 800 2606 ι.
814 2561 892 2626 pag.
905 2541 961 2608 62.

144 2647 294 2712 Patriam
318 2645 430 2730 poiitae
453 2644 559 2710 fuisse
586 2643 761 2728 Aquinum,
789 2642 1008 2729 (Volscorum
1033 2645 1206 2732 oppidum,

99 2749 192 2836 quod
210 2751 289 2823 πόλις
312 2746 428 2833 prpitii
455 2747 565 2812 Strab.
589 2745 611 2810 l.
629 2762 663 2806 v.
685 2765 722 2829 p.
737 2747 811 2810 164.
832 2765 919 2810 nnnc
939 2751 1051 2810 eutem
1078 2746 1206 2831 Aquino

97 2843 232 2928 dicitur,
247 2859 280 2916 et
301 2851 410 2934 patria
430 2869 561 2934 quoque
582 2847 644 2912 suit
667 2846 808 2912 Thomas
834 2847 875 2911 de
899 2845 1044 2930 Aquino,
1067 2849 1206 2914 celebris

98 2941 382 3020 scholasticorum
398 2949 573 3036 parentis)
592 2950 757 3036 probabili
777 2949 908 3035 judicio
922 2950 1086 3032 colligitur
1099 2969 1119 3013 e
1134 2949 1205 3016 Sat.

99 3075 158 3122 ιιι.
168 3055 244 3121 319.
276 3055 369 3120 Hine
381 3055 416 3118 in
426 3052 577 3117 omnibus
591 3053 659 3116 sere
668 3051 842 3116 luvenalis
857 3050 1042 3129 codicibus,
1053 3057 1086 3116 et
1101 3053 1206 3136 scrip-

99 3160 145 3225 tis
161 3164 196 3223 et
216 3157 325 3236 editis,
343 3161 429 3220 recte
450 3153 700 3236 cognominatur
723 3152 780 3216 ille
804 3149 959 3238 Aquinus,
983 3154 1018 3216 in
1041 3152 1206 3218 nonnullis

100 3279 179 3326 vero
193 3259 313 3324 vitiose
328 3255 480 3341 Arpinus.
524 3255 565 3318 ln
579 3255 748 3320 vetustiss.
763 3253 837 3318 cod.
864 3251 989 3318 Pithoei
1009 3253 1054 3318 ad
1075 3255 1206 3318 initium

100 3351 174 3427 Sat.
208 3378 233 3426 ι.
260 3362 335 3425 brec
358 3361 462 3425 verbu
484 3359 655 3440 leguntur:
688 3356 910 3421 ‘iuvenalem
939 3355 1043 3440 aliqui
1071 3352 1206 3422 Gallum

99 3467 237 3549 propter
252 3461 403 3546 corporis
417 3458 685 3542 magnitudinem,
702 3458 808 3541 aliqui
822 3456 1022 3542 Aquinatem
1036 3458 1171 3524 dicunt!

276 3625 429 3693 1110.
449 3627 526 3693 801.
571 3627 695 3691 Christi
709 3625 764 3692 48.
808 3625 982 3691 Juvenalis
1000 3625 1033 3690 7.

146 3759 333 3840 Messalino,
347 3761 613 3846 impudicissime
628 3759 761 3826 Claudii
775 3761 861 3846 Imp.
875 3781 974 3838 uxor,
989 3759 1103 3843 palam
1121 3779 1207 3859 nup-

101 3860 165 3931 tias
178 3865 263 3931 sacit
277 3883 354 3927 curu
369 3862 407 3926 C.
423 3862 519 3940 Silio,
539 3861 778 3928 formosissimo
792 3864 925 3946 juvene,
946 3869 980 3926 et
1001 3880 1077 3925 cum
1095 3881 1136 3927 eo
1157 3864 1207 3928 in-

101 3967 259 4032 terficitur
273 3963 414 4028 consilio
436 3983 477 4028 ac
495 3965 593 4048 jussu
618 3959 770 4041 Narcissi,
793 3963 945 4028 ditissimi
970 3963 1207 4046 potentissimi·

100 4075 165 4153 que
178 4061 372 4132 libertorum
386 4063 537 4131 Claudii:
555 4085 590 4131 v.
604 4065 648 4130 ad
669 4065 740 4130 Sat.
757 4082 809 4129 vr.
824 4065 979 4130 llo-13⁴2.
994 4081 1034 4130 x.
1049 4067 1206 4134 dmi&

100 4178 133 4238 et
146 4173 231 4238 xlv.
245 4156 324 4234 329.
337 4187 388 4252 sq.
421 4167 548 4236 Praeter
562 4167 761 4234 Narcissum
776 4163 892 4232 Pullus
905 4173 940 4234 et
955 4164 1086 4234 Posides
1096 4169 1207 4235 liberti
