2817 4792
752 417 838 470 vm

484 705 649 786 vrrs
701 677 1103 824 ruvuun‘nrs
1199 760 1204 766 -

338 907 441 974 quum
456 888 666 972 persequitur
682 887 846 953 Dodwell.
862 889 898 952 in
912 887 1032 955 Annnl.
1048 888 1247 968 Quintilian.

638 1016 948 1100 §xxxvii-xer.

242 1181 264 1252 J
269 1197 477 1252 uvuuntsn
494 1185 668 1268 scripsisse
692 1191 770 1250 unte
792 1185 938 1251 Plinium
963 1189 1026 1252 sub
1050 1187 1252 1254 Domitiano
1273 1196 1307 1253 et
1327 1209 1348 1254 e

133 1277 143 1294 '
243 1287 364 1354 Pun'de
379 1295 491 1354 uotum
505 1306 579 1351 esse
592 1286 790 1363 inexilium,
804 1293 939 1370 receptu
960 1293 1022 1365 est,
1035 1291 1135 1353 etiam
1157 1292 1252 1374 apud
1267 1289 1347 1354 Eru-

241 1389 340 1468 ditos‚
355 1389 480 1474 opinio.
526 1388 608 1454 Inde
621 1389 774 1476 nimirum
799 1389 949 1466 oriundo,
974 1391 1065 1474 quod
1088 1389 1167 1453 irati
1189 1389 1347 1454 histrionis

242 1489 359 1555 exulem
374 1491 465 1556 illum
481 1491 627 1575 appellet
639 1488 799 1555 Sidonius
815 1487 1033 1573 Apollinaris.
1052 1491 1179 1570 (curm
1191 1494 1346 1570 rxffltl.)
1399 1514 1400 1523 ¹

242 1583 368 1655 Irarum
382 1591 477 1656 illum
491 1589 668 1655 histrionem
684 1587 835 1654 Paridem
849 1591 1042 1674 intelligunt,
1057 1599 1091 1657 et
1100 1593 1237 1677 quidem
1246 1605 1345 1679 postr-

241 1693 353 1758 riorem
366 1695 460 1758 illum
471 1691 632 1770 Paridem,
646 1700 781 1778 propter
791 1691 988 1757 adulterium
1001 1714 1077 1758 cum
1092 1695 1246 1761 Domitio
1260 1699 1345 1762 occi·
1399 1760 1400 1765 ,

242 1815 315 1862 sum
331 1815 351 1860 u
367 1795 570 1860 Domitiano.
614 1793 670 1859 Ab
693 1794 751 1858 illo
774 1793 912 1859 credunt
931 1793 1066 1876 Paride,
1081 1803 1221 1879 propter
1231 1819 1345 1881 pouces

241 1898 402 1981 quosdam
424 1895 555 1974 Sutlrae,
570 1897 693 1982 quibus
716 1896 808 1960 illurn
830 1898 1064 1978 perstrinxerit,
1086 1919 1189 1961 uersus
1214 1901 1346 1982 pulsum

223 1999 345 2084 ¹suisse
368 2000 403 2062 in
427 1999 565 2063 exilium
586 1999 797 2075 iuvenalem,
820 1995 944 2060 missum
968 1999 1124 2063 nimirum
1143 2021 1203 2082 per
1219 2003 1345 2086 rpeciern

241 2097 366 2164 honoris
391 2099 435 2164 ad
459 2100 676 2188 prefecturam
702 2099 834 2164 rodonis
861 2099 895 2162 iu
918 2111 1053 2165 entismo
1077 2111 1173 2186 porte
1197 2101 1346 2168 tenderetis
1399 2124 1400 2183 j

245 2200 395 2291 AEgyptir
418 2202 494 2268 iude
522 2221 702 2287 nunquam*
716 2200 849 2273 rediisse,
877 2223 992 2267 verum
1021 2201 1110 2266 iutro
1137 2202 1346 2270 breuissimum

243 2313 360 2390 tenipus
374 2326 489 2393 angore
502 2316 531 2369 rt
546 2301 635 2369 tudio
648 2301 784 2386 periisse.
828 2304 919 2368 Haec
938 2305 1061 2369 sivero
1074 2313 1197 2383 essent,
1213 2309 1264 2372 sie
1277 2317 1346 2370 unte
1399 2300 1400 2327 ³

242 2406 403 2494 repudium
422 2405 582 2485 Domitio,
596 2428 664 2492 quo
680 2413 828 2493 tempore
843 2406 944 2470 Puris
967 2409 1102 2472 occisus
1124 2413 1185 2486 est,
1202 2411 1346 2493 oporurit
1399 2400 1400 2405 ’

242 2509 641 2602 scripsisseduvenelem.
684 2507 826 2593 Aliquot
840 2513 929 2572 certe
945 2509 1040 2572 annis
1054 2515 1131 2572 unte
1146 2511 1345 2574 consecratio
1399 2566 1400 2569 ,

241 2629 312 2672 nem
327 2607 436 2690 doliu,
450 2627 527 2695 quur
552 2629 638 2675 enno
652 2612 760 2694 periit,
775 2617 814 2674 ut
835 2610 992 2688 vidimus,
1008 2611 1102 2675 AEree
1127 2618 1254 2678 noshae
1269 2631 1344 2678 xor.

241 2712 354 2778 multis
370 2717 458 2778 certe
481 2717 557 2776 aute
579 2711 677 2776 finem
693 2711 877 2775 Domitiani
894 2711 1000 2789 annis,
1016 2713 1072 2777 cui
1091 2710 1177 2776 adeo
1198 2713 1276 2796 ipse
1298 2736 1345 2778 ru·-

238 2825 353 2900 perster
367 2835 441 2880 esse
455 2834 520 2879 non
534 2814 652 2898 potuit.
682 2812 738 2876 Ite
746 2809 874 2895 periisse
885 2831 1024 2878 necesse
1037 2818 1120 2890 eret,
1134 2819 1230 2880 unoeu
1246 2837 1344 2900 quum
1399 2838 1400 2867 1

240 2919 402 2984 scriberet
417 2916 559 2994 PliniuS,
574 2921 683 2980 rantes
697 2914 772 2978 illus
790 2911 984 2980 Quintiliani
997 2913 1135 2978 divitius.
1157 2913 1208 3001 (v.
1223 2917 1343 2982 quen.

242 3018 313 3084 Set.
330 3019 476 3083 vrr.188
491 3037 564 3102 sqq.
579 3017 655 3080 coll.
671 3036 748 3082 eum
763 3014 850 3080 Plin.
867 3014 933 3100 Ep,
949 3033 998 3079 vr.
1011 3017 1081 3093 3³2.)
1115 3015 1194 3094 Quo
1202 3020 1344 3094 tandem,

242 3135 372 3204 quaeso,
385 3120 475 3185 illius
488 3115 622 3182 merito?
666 3117 746 3196 Quo
759 3120 861 3183 etium
877 3116 987 3200 irffesto
1005 3116 1167 3202 Principe,
1182 3137 1262 3186 cum
1278 3121 1342 3186 Do·

241 3221 370 3288 mitiani
385 3224 490 3306 patin
501 3224 588 3286 esset
605 3221 876 3285 florentissimusl
936 3219 1082 3287 Ubinam
1095 3241 1175 3304 ergo
1187 3219 1345 3285 beatitudo
1399 3288 1400 3293 ,

242 3327 314 3411 ejus
327 3326 398 3404 ille,
414 3345 515 3411 quum
533 3323 618 3389 adeo
642 3325 676 3388 in
700 3323 758 3388 illo
783 3323 962 3387 celebravit
983 3322 1168 3406 discipulus
1190 3321 1345 3389 Plinius?

242 3427 367 3494 Mirum
382 3433 433 3492 est
456 3427 620 3510 protecto,
645 3425 786 3489 nondum
811 3423 939 3488 uidisse
962 3423 1132 3503 Eruditos‚
1157 3427 1345 3508 quumlroec

242 3530 354 3596 omniu
376 3530 487 3613 inepte
507 3529 649 3592 invicem
664 3526 860 3590 cohoereunt.
904 3523 1009 3609 Atqui
1034 3526 1117 3592 illud
1140 3528 1254 3610 ipsum
1275 3549 1344 3593 sus-

241 3640 371 3718 pectum
386 3631 470 3696 huno
485 3631 679 3694 sententium
702 3629 812 3693 tacere
826 3629 944 3712 potuit,
967 3629 1058 3713 quod
1072 3629 1170 3709 longe
1184 3630 1345 3701 uerisimi-

240 3737 308 3802 lius
319 3741 402 3800 estu
419 3731 547 3796 modicis
561 3729 857 3816 illissuouilutidur,
872 3749 959 3816 quas
969 3735 1129 3794 memorat
1144 3727 1288 3809 Plinius,
1303 3730 1345 3796 ad

242 3835 368 3901 diritius
391 3843 541 3902 nostrum
570 3839 721 3919 (querum
748 3833 897 3898 meminit
922 3828 1112 3916 luvenalis)
1141 3833 1343 3910 ascendisse,

241 3957 343 4021 ¹quum
356 3939 432 4004 rice
451 3957 549 4003 versu
570 3937 663 4000 illum
679 3955 700 4000 e
714 3934 840 4000 diuitiis
851 3934 896 3999 ad
909 3933 1061 3998 modicus
1072 3932 1250 3998 saoneres
1264 3935 1343 4000 reei-

244 4037 346 4102 disse.
390 4039 444 4104 lta
458 4045 545 4106 certe
569 4058 646 4104 cum
667 4036 758 4102 nullo
779 4055 916 4121 prorsus
930 4035 1052 4118 insigni
1065 4033 1343 4100 insortunienotu-
1399 4080 1400 4087 1

241 4145 311 4205 tum
327 4140 542 4210 observarunt
550 4147 687 4207 veteres.
908 4207 913 4223 ,

285 4241 354 4308 Sed
375 4240 451 4306 miri
477 4247 554 4306 sunt
576 4243 611 4306 'm
638 4241 702 4308 huo
725 4242 881 4310 universe
903 4253 1007 4306 ouusu
1034 4245 1103 4305 tum
1126 4236 1343 4303 recentiorum
