2817 4792
569 352 708 404 asrrns
732 353 783 402 ιν.
1158 337 1226 406 279

100 494 215 560 Anne
228 494 326 560 allud
335 501 410 560 tunc
424 493 605 562 Prreioctil
629 515 771 580 quorum
784 496 939 580 optimas,
954 501 1054 581 alque

102 599 288 682 Interpres
302 599 409 680 legum
420 599 662 674 succussimus,
677 599 789 664 omnia
802 617 993 682 quanquam

99 700 344 782 Temporibus
357 699 436 764 diris
450 699 620 762 tractanda
633 701 775 780 putabat
787 700 904 765 inani

101 802 134 867 J
141 803 266 868 ustitia.
312 801 410 866 Venit
424 805 456 864 et
470 798 581 884 Crispi
591 799 742 882 jucunda
755 806 916 880 senectus,

104 902 228 988 Cujus
242 909 335 968 erunt
348 923 465 980 mores,
478 903 589 988 qualis
604 903 773 983 facundia,
787 904 865 968 ruite

105 1005 302 1085 Ingenium.
348 1003 470 1080 Maria,
484 1023 523 1068 ac
539 1009 653 1080 terras,
668 1006 883 1088 populosque
896 1007 1023 1088 regenti

106 1105 207 1184 Quis
222 1126 334 1170 comes
348 1107 469 1184 utilior,
484 1107 513 1170 si
527 1106 634 1183 clade,
649 1112 683 1170 et
697 1113 791 1190 peste
805 1108 869 1170 sub
882 1108 941 1172 illa
1006 1141 1012 1155 ·

105 1208 291 1272 Saevitiam
305 1207 475 1282 damnare,
491 1213 525 1272 et
538 1207 713 1270 honestum
727 1207 841 1272 afferre
854 1209 969 1272 liceret
1178 1209 1223 1276 85

104 1357 209 1404 civitati
219 1356 357 1419 mosetto
364 1357 457 1405 tillitus
467 1371 541 1419 nuper
550 1358 698 1405 constitutus.
732 1357 855 1420 Numquid
863 1359 930 1406 enirn
939 1359 1005 1408 eliud
1013 1363 1065 1407 terr
1072 1363 1145 1407 erunt
1160 1371 1223 1422 pm·

103 1420 208 1483 positi?
226 1421 293 1470 lsler
303 1435 361 1484 geos
376 1423 478 1470 maxime
486 1421 572 1484 probus
587 1437 615 1469 oe
631 1423 724 1482 integer
735 1421 779 1470 ille
790 1423 980 1473 Jsriseensaltrrs
989 1424 1096 1472 censebot
1107 1423 1221 1472 molliter

105 1488 209 1546 egendo
230 1486 337 1534 aeirem
346 1488 402 1545 lare
418 1487 469 1533 eine
484 1487 565 1546 omis,
583 1487 637 1534 licet
656 1491 794 1548 terrpeslute
809 1501 880 1539 noo.
913 1489 1040 1537 Aduoloeil
1055 1489 1128 1537 diost
1139 1487 1222 1550 Crispi

104 1549 201 1597 hilaris
210 1559 312 1610 reuecta,
323 1551 390 1609 cnjus
400 1551 489 1598 indoles
500 1555 550 1598 eret
561 1550 647 1598 similis
655 1551 801 1612 etoqmtiae,
811 1567 841 1600 se
852 1552 912 1601 lenis
921 1555 1022 1604 osimss.
1056 1553 1145 1616 Ecquis
1159 1566 1221 1601 erse·

105 1615 149 1662 clu
155 1613 304 1674 friselsodor
312 1613 454 1670 gubernanti
465 1629 537 1673 mure,
554 1620 695 1676 imumque,
705 1619 729 1663 et
741 1616 863 1672 salimes
877 1618 899 1666 si
912 1615 955 1675 sos
965 1616 1054 1677 ferisset
1067 1619 1220 1666 estmoe

104 1678 287 1740 credelitatem,
299 1683 323 1727 rt
334 1677 392 1726 berre
406 1679 463 1726 dere
473 1677 574 1740 mealia,
589 1679 654 1728 r'rrter
660 1693 713 1727 ears
721 1681 882 1730 mettre
891 1687 959 1746 dorse
965 1679 1112 1745 pandent
1134 1681 1220 1731 Vereis

105 1884 362 1936 adulteriorum.
375 1891 401 1934 et
414 1892 474 1948 post
488 1891 558 1950 utere
574 1887 600 1936 ln
620 1893 660 1941 19.
694 1897 766 1956 etque
782 1893 822 1941 lsic
835 1895 876 1942 29.
893 1896 933 1942 59.
951 1895 992 1941 0⁰.
1011 1895 1052 1940 tlt.
1070 1893 1177 1939 wetti
1194 1893 1220 1937 et

106 1952 189 2000 abest
201 1949 234 1998 ab
245 1953 350 1998 11.-el
367 1965 394 1997 oc
407 1955 473 2013 peste
484 1952 588 2014 muligrro
599 1957 706 2005 22-85
724 1955 846 2006 &obiere
865 1960 904 2006 lt.
931 1955 1001 2017 serre
1017 1959 1056 2005 12.
1074 1957 1158 2004 tt-lt.
1177 1956 1218 2004 tt.

612 2079 722 2132 Nom

147 2187 259 2252 Vitricus]
285 2187 361 2239 Quod
385 2188 466 2237 llorna
492 2193 553 2238 tunc
577 2199 645 2240 esset
685 2193 847 2257 Passienum,
857 2195 1009 2256 Oratorem,
1021 2193 1062 2244 bis
1070 2193 1218 2251 consulem,

107 2264 193 2313 veluti
205 2264 275 2324 villa,
286 2263 340 2312 sine
355 2263 485 2327 libertate,
497 2265 551 2314 t'llte
567 2266 644 2332 privl·
686 2269 831 2334 Agrippina
841 2285 921 2321 uxore
933 2286 964 2322 ae
980 2272 1086 2322 Nerone
1097 2269 1217 2336 privigno

108 2339 194 2404 legiis.
229 2337 298 2388 Hine
309 2353 361 2388 non
374 2336 513 2402 praefectus
530 2341 645 2406 Pegasus
685 2347 801 2397 clarum:
814 2349 887 2413 eujus
898 2348 1014 2398 meminit
1022 2343 1147 2395 Pllnlnsl.
1156 2355 1216 2395 xrs.

107 2421 266 2486 appelletur,
279 2421 323 2470 sed
340 2421 448 2470 Vitricus.
685 2437 743 2485 cap.
757 2423 857 2472 ultimo.
890 2425 946 2486 Ego
964 2423 1051 2472 mollin
1072 2435 1130 2471 curu
1150 2421 1217 2486 eills,

141 2497 261 2547 Attonltoe
272 2497 337 2562 urbi]
354 2499 423 2549 Quis
435 2513 483 2546 non
495 2497 579 2546 civem
594 2497 644 2546 Ro-
685 2495 790 2545 Vibium
812 2497 942 2560 Crispum,
972 2497 1162 2560 Placentinum,
1182 2496 1217 2547 de

106 2589 213 2626 manum
237 2571 285 2622 sibi
309 2574 477 2638 prepositum
499 2573 583 2622 cernit
599 2574 646 2622 sed
684 2585 736 2638 qno
749 2572 922 2624 Quintilianus
935 2585 963 2624 x.
975 2577 999 2622 1.
1020 2575 1067 2622 sub
1082 2572 1160 2622 linem
1177 2572 1217 2623 its

106 2651 299 2714 alienigenam
315 2657 342 2697 et
354 2648 423 2713 qnod
440 2662 468 2697 se
485 2647 579 2698 misere
598 2663 645 2714 op·
683 2645 811 2711 loquitur:
830 2649 941 2698 ‘Vibius
957 2649 1074 2714 Crispus,
1089 2649 1216 2714 composi·

105 2741 224 2796 pressum
236 2725 324 2786 sentit,
336 2725 418 2774 Roma
429 2731 528 2790 stupet.
684 2731 727 2774 tus
748 2730 777 2774 et
792 2723 931 2789 jucundus,
952 2733 1030 2789 etque
1047 2723 1216 2774 delectationi

142 2807 175 2853 78
192 2804 260 2854 Arre
280 2801 356 2866 eliud]
373 2801 414 2852 Au
434 2809 497 2853 tunc
520 2801 643 2852 Prael'eeti
683 2807 769 2862 uatus,
794 2800 900 2864 privatis
920 2808 1008 2850 tamen
1029 2800 1112 2850 musis
1138 2815 1215 2864 qnam

105 2882 180 2934 eliud
191 2882 273 2931 rideri
285 2887 392 2944 possunt
405 2895 481 2946 quern
494 2881 574 2930 villici
592 2881 643 2930 lm·
684 2877 796 2942 publicis
806 2877 914 2927 melior!
943 2877 970 2926 ls
981 2877 1152 2940 interroganti
1162 2877 1216 2926 cnl-

107 2959 224 3026 peratori
235 2958 306 3007 velut
317 2957 419 3007 domiuo
435 2957 468 3006 ed
484 2964 574 3006 nutum
592 2973 644 3008 ser·
683 2957 752 3020 dam,
762 2967 864 3007 essetne
876 2959 932 3023 quis
942 2958 1011 3007 intus
1027 2971 1085 3006 enm
1101 2955 1214 3018 Cessre,

107 3037 256 3096 vientes‚et
267 3032 299 3082 de
317 3033 434 3082 omuibus
445 3034 573 3084 rationem
586 3033 642 3084 red·
682 3031 768 3084 facete
786 3035 967 3100 respoudit,ne
987 3047 1076 3083 musca
1092 3033 1214 3100 quidem:

106 3111 198 3162 ditnri.
682 3112 752 3178 quod
764 3113 859 3162 soleret
876 3110 1040 3162 Domitianus
1053 3108 1169 3174 qnotidie
1186 3122 1213 3158 se

142 3189 248 3244 Quorum
265 3187 377 3252 optimas,
396 3185 450 3250 isc]
471 3185 587 3250 Pegasus
604 3186 641 3237 ni·
682 3188 800 3236 conclavi
810 3202 856 3237 suo
868 3187 1011 3250 includere,
1021 3184 1097 3235 initio
1109 3184 1213 3250 quldenr

107 3265 209 3316 mirum.
682 3261 855 3328 Principstus,
868 3264 911 3313 ubi
924 3278 971 3326 per·
984 3261 1010 3311 id
1029 3268 1130 3324 tempus
1148 3260 1213 3309 nibil

139 3347 172 3392 8⁰
187 3340 321 3392 Tredurdu
329 3339 428 3404 pudebat
438 3339 640 3404 isermir'sstitio]
681 3339 750 3387 aliud
761 3353 838 3403 quern
847 3353 949 3388 muscas
960 3336 1095 3401 captabat,
1100 3351 1132 3386 ac
1143 3335 1213 3399 stylo

107 3419 246 3470 Pallentes
273 3417 446 3468 sustinendam
468 3417 535 3466 hauc
557 3417 639 3468 veluti
680 3425 814 3479 praeacnto
825 3411 980 3478 contigebat.
997 3412 1103 3462 Sueten.
1113 3408 1212 3462 nourr.

106 3497 257 3560 procellam,
285 3509 314 3544 sc
342 3493 504 3543 serviendum
528 3493 638 3558 tempori
680 3495 741 3542 cd.

105 3575 266 3636 calamitoso,
277 3587 327 3637 qno
347 3585 398 3620 non
414 3571 458 3635 jas
473 3569 576 3634 uigebat
592 3571 639 3620 sed
713 3571 745 3618 83
757 3567 873 3632 Regesti]
883 3564 981 3616 Orbem
990 3563 1145 3629 gubernanti
1157 3561 1212 3611 Do·

104 3651 216 3716 injuria;
234 3664 282 3698 nec
304 3647 381 3707 ratio,
403 3647 448 3696 sed
470 3645 639 3710 imperatoris
680 3643 797 3694 uriliano.

106 3727 207 3776 servitis
225 3727 258 3776 ad
279 3723 413 3774 arbitrium
425 3723 507 3773 omniu
518 3721 640 3772 faciebat.
713 3725 745 3771 et
763 3721 825 3778 Quis
841 3734 915 3770 cosses
930 3717 1025 3782 utilior]
1040 3717 1124 3768 Quam
1142 3712 1211 3763 Cris-

106 3805 155 3856 Cui
177 3813 299 3867 tanquam
319 3799 427 3850 torrenti
447 3799 469 3848 sl
491 3799 548 3864 quis
573 3797 640 3848 obex
679 3797 783 3864 pns,ob
800 3795 930 3862 ingenium
948 3793 1022 3853 urite,
1040 3804 1090 3856 quo
1107 3787 1212 3838 immitis

104 3887 292 3946 opponeretur,
303 3891 353 3926 uon
365 3876 464 3926 levaret
479 3875 583 3939 malum,
594 3874 639 3925 sed
678 3874 790 3942 Tyranni
820 3872 920 3921 indoles
946 3865 1085 3931 temperari
1115 3863 1212 3930 alioqui

104 3963 222 4022 augeret.
675 3949 827 4018 potuisset?

137 4037 168 4080 81
180 4029 367 4094 Crispijuesndo
376 4027 492 4091 metus]
504 4028 601 4092 Crispas
611 4027 638 4077 iu
712 4027 794 4088 dee,
812 4029 835 4073 et
848 4027 913 4088 peste
923 4021 966 4071 sub
982 4020 1036 4084 iilo]
1049 4019 1103 4070 Sub
1119 4019 1209 4072 Dorul-

104 4115 242 4160 eeneetute
255 4123 306 4156 non
318 4120 432 4156 morosus
445 4104 490 4154 scd
508 4101 593 4152 lrllsrir
610 4109 639 4152 et
677 4101 759 4163 tiouo,
768 4100 811 4165 qui
823 4097 911 4148 clsdes
922 4098 993 4148 relnt
1004 4103 1030 4147 et
1042 4096 1123 4162 pestis
1132 4097 1210 4146 bono·

105 4185 222 4235 festivus.
256 4183 411 4247 intelligunt
427 4179 504 4246 aliqui
518 4177 638 4242 Crispum
678 4192 734 4228 rum
747 4175 876 4226 omnium.-
