2817 4792
533 377 742 432 ramucio
1143 360 1187 428 ct

80 545 190 595 cam
216 521 1188 609 etniiotaliseicguutimmtiupbisqmfieriooiet,
1270 536 1275 546 “

81 629 195 692 minus
208 635 279 694 erat
301 647 363 692 seu
375 629 553 694 observatu
566 647 626 692 seu
649 631 844 713 perspecm3
864 626 949 690 bunc
970 623 1077 706 digito
1094 643 1188 690 mou·

83 737 190 796 strare
204 729 316 806 volui:
339 731 472 794 taudem
484 738 519 797 et
531 731 635 796 multu
645 733 681 796 io
693 731 758 796 boc
771 747 974 814 gmorecm
988 727 1187 792 umato

83 831 200 912 obvia,
224 833 254 896 si
275 831 378 897 semel
399 833 444 898 ab
467 833 580 917 aliquo
603 833 783 898 observata
806 837 841 897 et
863 829 1036 914 explicato
1054 827 1186 906 tueri,

81 951 148 996 nou
161 949 238 998 raro
253 941 364 998 tamen
377 935 498 1010 evcnit,
512 941 550 998 ut
560 934 620 1000 illa
633 935 711 1019 ipsa
720 934 881 1000 minima
892 932 989 1009 rutio,
1007 936 1185 1014 nmqu-

80 1040 265 1101 momtrata
277 1044 378 1114 esset,
391 1036 625 1121 plerorumque
638 1037 756 1103 oculos
768 1035 903 1121 fugeret.

129 1131 162 1196 V
159 1133 207 1198 ito
224 1131 390 1202 dramata
405 1133 634 1224 chronologico,
649 1159 672 1204 a
684 1140 823 1222 meipso
838 1137 1046 1212 concinnata,
1058 1135 1186 1198 brevis·
1284 1181 1291 1194 ,

80 1241 168 1304 sima
181 1241 317 1324 quidem
331 1247 391 1320 est,
407 1247 440 1306 ot
452 1259 561 1306 rernm
574 1239 682 1326 magis
694 1247 956 1325 temporumque,
970 1238 1014 1302 ad
1037 1255 1115 1320 qnae
1128 1236 1185 1300 iiio

81 1343 244 1426 respexit,
264 1361 366 1426 quum
389 1343 468 1408 vitoe
491 1345 564 1428 ejus
587 1343 761 1409 historiam
787 1337 1026 1423 complectitur.
1069 1337 1184 1423 Hujus

80 1462 157 1508 vero
172 1443 223 1508 rei
238 1445 413 1530 culpanon
427 1445 461 1510 in
475 1465 528 1510 me
536 1445 669 1524 residet,
685 1445 795 1510 sedin
808 1463 861 1522 co,
877 1439 969 1527 quod
979 1447 1182 1524 campanea,

81 1565 156 1630 qnae
184 1546 229 1610 ad
259 1547 375 1626 vitam,
402 1547 637 1624 conditionem,
675 1546 840 1611 fortunam
865 1561 1042 1627 morerque
1069 1539 1181 1624 poiitoo

80 1651 241 1730 spectant,
257 1649 311 1713 vol
323 1649 366 1712 ab
381 1649 456 1732 ipso
470 1655 651 1714 memorata
665 1653 754 1726 arnt,
764 1646 818 1712 vei
833 1648 877 1712 ab
892 1646 968 1710 aliis
977 1649 1068 1708 certa
1080 1647 1182 1725 atquo

80 1749 258 1830 explorata
272 1748 339 1814 tide
352 1749 484 1815 tradite.
528 1749 650 1834 Neque
664 1749 719 1814 vel
733 1751 783 1813 sic
797 1749 871 1813 baec
891 1763 1005 1830 opero,
1020 1744 1081 1810 etsi
1097 1741 1181 1806 satis

79 1867 196 1914 manca
226 1855 262 1916 et
288 1851 401 1928 exilis,
420 1851 586 1935 juventuti
608 1853 738 1930 saltem
766 1850 944 1916 videbatur
969 1845 1051 1912 nulli
1079 1843 1179 1928 plano

80 1951 154 2012 usui
177 1969 273 2015 esse:
295 1969 373 2014 nam
402 1951 501 2017 lectio
529 1953 710 2037 cujuslibet
738 1940 922 2035 icriptoria
951 1955 985 2014 et
1006 1946 1178 2031 podiorum

81 2051 254 2136 praecipue
279 2052 502 2132 satiricorum,
517 2074 717 2140 magnopore
731 2055 909 2140 adjuvatur
926 2053 1086 2116 accurata
1100 2065 1179 2126 cog·

80 2150 196 2214 uitione
211 2153 290 2230 aevi,
306 2171 374 2235 qno
400 2154 571 2234 vivebant,
594 2155 795 2222 conditionis
820 2151 1030 2238 reipublicae
1052 2153 1087 2212 et
1107 2165 1179 2211 mo·

80 2271 159 2330 rum,
172 2273 250 2336 qoae
265 2253 350 2337 ipsis
364 2259 438 2319 ante
452 2257 569 2322 oculos
585 2258 836 2334 obversabatur,
852 2261 885 2320 et
897 2255 1066 2320 bominum
1080 2267 1178 2314 eveu-

79 2357 259 2438 tornmqne,
284 2371 423 2438 quornm
445 2360 641 2424 mentionem
661 2359 799 2424 iaciunt
843 2357 975 2421 Harum
994 2369 1116 2427 rarum,
1132 2349 1176 2414 ab

78 2454 150 2536 ipso
164 2454 267 2539 po'dta
291 2459 603 2538 cognoscendarum,
619 2459 649 2522 si
669 2457 724 2522 vei
747 2457 879 2542 prime,
893 2460 931 2518 ut
944 2474 966 2517 a
983 2451 1084 2516 nobis
1104 2449 1175 2514 foc·

78 2559 142 2618 tum
159 2561 220 2634 est,
246 2557 343 2622 lineae
368 2556 543 2636 ducuntur,
567 2563 601 2622 et
626 2575 757 2622 summa
776 2557 953 2622 satirarum
976 2559 1011 2618 et
1036 2549 1175 2636 singulo

79 2677 183 2722 earum
197 2665 309 2744 partes
334 2660 537 2741 aliquantum
560 2659 726 2724 lucebunt.
771 2655 828 2723 Ad
847 2677 934 2741 quas
959 2675 1036 2720 com
1048 2674 1113 2719 non
1126 2660 1175 2718 at·

80 2758 242 2825 tenderent
256 2759 318 2824 viri
331 2758 435 2838 docti,
449 2778 622 2843 perversas
644 2759 685 2824 dc
700 2761 772 2826 vita
789 2759 966 2824 Iuvenalis
987 2757 1099 2821 animo
1112 2756 1174 2819 im·

78 2857 226 2926 biberunt
240 2861 425 2945 opiniones,
440 2881 525 2946 quas
538 2867 618 2946 post
643 2861 801 2946 lipsium
814 2861 887 2945 jam
901 2859 1085 2924 resutamnt
1099 2856 1175 2920 Sal·

79 2961 197 3026 mamus
211 2968 246 3029 et
271 2963 475 3040 Dodwellus,
491 2982 633 3046 quorum
658 2963 947 3027 commentationes
970 2959 1172 3044 promitten-

80 3057 136 3124 dus
150 3066 274 3143 censui,
301 3073 339 3131 ut
363 3084 404 3129 eo
418 3066 550 3130 brevior
570 3085 642 3130 esse
665 3083 812 3149 possem,
835 3082 897 3128 nec
911 3062 1029 3128 alienis
1055 3059 1173 3125 rivulis

79 3166 170 3240 prata
183 3183 258 3230 mea
272 3167 424 3248 irrigasse
438 3165 576 3232 viderer.

120 3258 215 3327 inda
229 3285 331 3328 rerum
347 3275 375 3329 et
391 3265 566 3344 verborum,
581 3287 680 3351 quem
695 3286 826 3330 summo
849 3285 958 3351 eoque
972 3263 1171 3330 molestissi-

79 3380 130 3426 mo
150 3365 271 3442 studio,
293 3385 369 3430 cum
392 3385 489 3432 nemo
519 3368 602 3432 mibi
630 3368 736 3433 otium
760 3369 903 3446 fecisset,
928 3368 1004 3452 ipse
1028 3367 1170 3444 confeci,

79 3461 167 3547 longe
188 3467 357 3551 copiosior
382 3474 433 3533 est
457 3469 511 3548 iis,
527 3487 613 3553 quos
640 3469 696 3533 alii
712 3469 971 3549 concinnarunt3
994 3467 1170 3552 dequibus

78 3563 140 3628 vid.
154 3585 228 3649 qnae
244 3567 316 3631 dixi
342 3567 386 3632 ad
414 3569 491 3635 odit.
514 3569 666 3653 Fribnrg.
686 3569 782 3636 1668.
803 3569 910 3654 Lugd.
934 3571 1033 3636 1661.
1061 3569 1168 3633 lond.

78 3661 167 3730 1716.
189 3667 286 3733 1723.
311 3673 344 3732 et
366 3669 501 3753 Bipont.
527 3673 624 3738 1785.
669 3671 908 3738 Memorabiies
924 3692 988 3748 res,
1003 3689 1105 3735 voces
1127 3687 1168 3732 ac

80 3762 231 3832 dictiones
253 3770 396 3836 continet
409 3792 533 3851 omncs,
548 3778 582 3838 et
600 3780 764 3858 praeterea
790 3772 978 3837 locutiones
999 3777 1067 3835 tam
1091 3789 1170 3853 pro·

79 3867 229 3934 verbiales
238 3891 337 3954 quarn
351 3873 493 3938 morales
504 3877 658 3954 cursivis,
674 3894 758 3960 quas
767 3880 899 3951 vocant,
913 3873 1018 3936 literis
1028 3871 1167 3937 indicat.

81 3959 177 4033 Malui
191 3991 325 4056 quoque
341 3975 476 4040 nimiam
499 3977 578 4042 mihi
602 3977 751 4062 copiam,
766 3996 868 4061 quom
891 3973 1087 4038 brevitatem
1109 3993 1169 4038 ex·

78 4069 216 4144 Probrari
239 4093 351 4158 posse,
377 4085 411 4142 et
432 4078 586 4162 quadam
609 4079 719 4144 tenuia
739 4095 847 4160 noque
868 4076 953 4139 adeo
977 4078 1168 4144 neccssaria
