2817 4792
502 376 768 428 uouuuunurr.
1133 365 1178 431 77

64 517 223 602 Aliquam
234 517 529 602 quidcmcumilla
539 519 651 584 Satira
661 521 891 604 cognationem
900 523 1043 586 habuere
1051 523 1175 588 fabulae

65 619 454 704 circumsaeptum,
485 621 662 704 inprimis
688 623 889 686 comicorum
917 623 1111 706 politanum
1142 629 1178 688 et

66 721 223 804 majorem
235 722 322 786 sorte
336 721 423 798 silli,
434 721 476 784 dc
487 723 611 804 quibua
627 741 730 806 supra
740 721 924 805 disputavi.
962 723 1029 788 Sed
1044 724 1176 788 illerum

65 827 96 884 et
108 824 266 886 materies
279 828 312 886 et
327 821 435 888 forma
449 823 512 886 fuit
522 823 655 888 diversa
665 831 703 887 :¹⁹
711 900 716 908 ¹
725 824 760 888 hi
773 843 852 888 vero
865 825 1033 888 diductice
1041 825 1178 907 quidem

566 987 672 1038 NOTAE

67 1097 73 1124 ¹
85 1097 172 1160 irrditu,
183 1099 209 1148 in
229 1101 312 1149 libror
323 1101 434 1152 collecta
452 1109 480 1150 et
496 1101 599 1164 digerta
639 1099 812 1150 ‘rocatat'ere
820 1107 860 1152 eet
871 1101 953 1150 omnir
962 1101 1082 1166 quaeutlu,
1091 1115 1178 1166 quem·

66 1173 209 1226 'ridentum
245 1177 599 1242 Inipmmmuumeruque·
641 1178 798 1227 ‘admodum
821 1180 952 1242 permulta
973 1185 1043 1240 runt,
1064 1191 1123 1242 qun
1139 1179 1179 1228 di·

66 1249 139 1300 ‘dum
166 1267 272 1317 qouque
298 1259 367 1316 aunt,
390 1253 484 1318 quibua
511 1253 601 1302 Satira
639 1253 1062 1316 ‘verrareperianturaliomauoe
1073 1254 1178 1315 ingenio

68 1325 74 1352 ⁸
87 1327 181 1392 titulus,
197 1329 253 1378 rire
265 1328 396 1394 antiquam
412 1329 484 1378 verbi
497 1329 547 1378 vim
561 1345 600 1378 re·
640 1327 771 1378 ‘Satirae:
793 1329 830 1378 ita
841 1327 937 1377 rihuuc
947 1326 1067 1377 cout‘erra
1078 1343 1137 1377 cum
1146 1342 1178 1378 ea

68 1399 265 1465 ‘tinueriqsire
273 1417 364 1452 noram
374 1403 442 1453 illam
452 1403 601 1468 subjecerit,
640 1403 649 1431 ‘
660 1403 779 1466 Satyrion
796 1403 992 1464 instituerimus,
1003 1419 1078 1468 quam
1095 1404 1179 1454 marici

68 1475 169 1538 ‘purum
181 1479 325 1527 convenire
337 1479 466 1539 rideatur,
477 1479 525 1528 uiri
541 1493 600 1529 eun·
640 1479 649 1507 ‘
661 1479 812 1529 urceorum
823 1479 908 1544 potire
920 1478 998 1528 rariir
1006 1479 1089 1529 mcdir
1100 1493 1177 1530 cxco-

70 1551 205 1614 ‘teuderia,
216 1553 360 1603 Horatium
375 1555 417 1604 rel
433 1569 465 1605 ea
480 1555 602 1618 carmina,
641 1554 777 1615 ‘luerunt,
792 1556 831 1617 (r.
849 1569 907 1618 cup.
924 1562 980 1603 not.
996 1553 1036 1618 t.)
1054 1553 1177 1606 facillima

67 1625 218 1690 ‘queccrto
228 1635 257 1678 et
267 1629 340 1679 finltu
351 1630 430 1680 alicui
443 1631 532 1694 generi
542 1631 601 1680 eub-
640 1628 800 1679 ‘arctiorem
823 1629 951 1694 quandam
980 1628 1062 1680 sulum
1086 1631 1176 1680 irarum

71 1703 78 1730 ¹
83 1703 155 1766 jungi
165 1719 217 1754 uon
230 1705 387 1770 potuissent,
395 1707 485 1755 eadem
494 1706 600 1770 iuuerip·
640 1705 649 1732 ‘
662 1705 884 1769 propinquitatem
904 1721 935 1757 ac
952 1706 1177 1769 necestitudineur,

68 1777 162 1842 ‘tiuue,
189 1781 232 1830 cui
270 1780 374 1830 minime
404 1779 601 1843 responderent,
639 1781 843 1845 ‘intelligenda
861 1783 1177 1834 Namutumittamuuuc

69 1854 194 1917 ‘gaudere
216 1857 338 1907 uuluirre.
372 1858 435 1908 Pari
453 1857 529 1907 modo
546 1857 601 1906 Ser·
640 1857 809 1921 ‘Satyrumm
817 1859 988 1923 chorumque·
997 1859 1096 1907 comica
1103 1858 1176 1909 Grn-

70 1931 173 1982 ‘mrum
185 1941 213 1983 et
227 1934 391 1998 Epistularum
407 1933 600 1998 inscriptionem
640 1934 746 1983 ‘eorum
765 1935 894 1998 satyrice,
913 1948 985 1998 reque
1002 1947 1032 1981 ac
1051 1935 1178 1983 Romano-

70 2006 117 2054 ‘rb
130 2005 239 2058 Horatio
257 2023 316 2058 erre
330 2007 483 2073 protectam,
495 2009 601 2074 probari
641 2007 717 2056 ‘rum
736 2009 830 2070 Satira,
840 2015 885 2057 aut
903 2008 1005 2072 pureiuu
1018 2008 1119 2070 asciuit,
1130 2016 1176 2060 aot

71 2081 153 2132 ‘nullo
170 2085 249 2134 modo
268 2091 364 2147 potest,
379 2099 524 2149 quanquam
543 2087 600 2149 ipre
641 2079 765 2145 ‘peuima
786 2082 905 2143 ruetulit3
934 2083 971 2148 (v.
991 2097 1047 2146 rup.
1065 2089 1119 2134 not.
1139 2083 1178 2148 9.)

71 2157 143 2208 ‘huic
159 2161 197 2210 rei
214 2160 378 2211 occationem
393 2160 495 2210 dederit
513 2161 568 2211 Sat.
582 2175 600 2212 ι.
640 2157 796 2222 ‘utramque
805 2159 882 2207 etiam
896 2157 946 2206 irae
957 2158 983 2206 iu
994 2172 1022 2208 re
1034 2158 1178 2222 deprehen·

72 2235 202 2300 ‘t.tt.rq.
221 2236 600 2302 Epiat.1.t.l.rr.l.2⁵t.rq.
641 2233 746 2282 ‘dimne
778 2231 972 2296 cunrpirariure,
998 2232 1067 2297 quud
1101 2248 1177 2298 argu.

72 2309 100 2370 ‘l
103 2311 197 2360 hletae
206 2310 389 2360 voeatSrtirau
399 2311 483 2374 Epist.
493 2323 512 2360 1.
522 2311 603 2377 rat.)
641 2307 750 2358 ‘menta
772 2314 894 2372 peterent
913 2323 926 2357 e
944 2309 997 2357 vita
1017 2309 1177 2375 quotidiana,

74 2385 274 2438 ‘Sedvmurtam
284 2401 341 2436 eam
349 2401 405 2438 erse
415 2387 601 2452 prulratSiduu.
640 2383 649 2411 ‘
661 2383 729 2448 quud
741 2391 861 2434 nutarent
870 2391 898 2433 et
914 2383 1079 2447 designarent
1094 2387 1178 2450 turpi·

74 2459 194 2525 ‘Apollim
215 2463 302 2528 Epist.
325 2464 357 2513 ad
377 2461 485 2513 'ronme
515 2464 601 2514 Etiam
642 2463 777 2511 ‘tudinem
789 2462 966 2524 domesticam,
982 2477 1052 2525 repe
1070 2477 1177 2514 numero

74 2537 244 2600 ‘grummatici
259 2539 367 2602 epistolar
383 2539 485 2589 Horatii
505 2545 533 2588 et
552 2555 601 2588 rer·
639 2535 738 2586 ‘etiam
764 2537 885 2601 turpiter,
915 2535 984 2601 quud
1010 2537 1122 2602 equales
1151 2538 1177 2588 ri

74 2611 162 2662 ‘orma
179 2616 273 2663 citant.
302 2615 345 2664 De
361 2613 452 2663 Perriu
472 2615 599 2678 quomodo
640 2612 763 2661 ‘ridiculi
775 2613 950 2662 vulnerarent.
984 2615 1176 2666 Quorumuihil

75 2685 175 2737 'librum
186 2703 261 2739 mum
272 2689 432 2752 luteriprerit
444 2695 489 2738 rut
501 2690 601 2752 ringula
640 2687 733 2738 ‘cadit
742 2689 769 2736 in
782 2689 907 2752 tragicam
914 2689 1061 2751 Satyrieen.
1077 2689 1177 2742 Verum

74 2763 279 2830 ‘carminantur
291 2767 356 2816 certi
368 2769 460 2831 liquet.
483 2767 599 2817 Pithreur
640 2764 649 2793 ‘
661 2765 803 2814 enimvero
822 2773 931 2828 propter
946 2765 1013 2814 hauc
1031 2765 1177 2814 similitudi-

76 2837 113 2888 ‘lu
124 2847 221 2892 returtn
231 2843 321 2907 aliqua
331 2841 388 2892 cod.
399 2843 425 2891 iu
437 2842 544 2906 cingulis
557 2857 600 2905 pa·
640 2839 647 2867 ¹
659 2853 718 2889 nem
731 2840 851 2906 equidem
863 2853 916 2889 uou
929 2840 1010 2888 ausim
1023 2847 1110 2904 parter
1121 2840 1177 2890 illo-

75 2913 83 2940 ‘
92 2915 601 2975 putemnetitutuminvenisseteutumr:
641 2915 718 2964 ‘rum
738 2915 819 2980 requi,
838 2915 881 2980 qui
893 2915 1015 2965 Graecam
1031 2915 1176 2980 satyricam

75 2989 257 3044 ‘lietaldum
287 2993 368 3042 Penii
394 2993 498 3056 Sutpru:
529 2993 602 3042 etin
640 2991 862 3056 ‘procreatricem
880 2991 1007 3056 quendam
1025 2991 1175 3042 latinarum

76 3064 213 3120 ‘extremur
246 3069 371 3132 Explicuit
390 3069 461 3118 ruet.
474 3069 504 3118 P.
520 3073 602 3132 rutyru
641 3067 806 3116 ‘Satirarum
818 3068 923 3132 etquaui
935 3076 1069 3131 parentem
1077 3067 1178 3132 judiea-

77 3141 83 3167 ‘
89 3141 195 3200 feliciter.
216 3147 341 3196 Ceterum
353 3159 369 3194 a
379 3143 490 3208 Sosippu
502 3143 600 3194 Clrarie.
642 3143 651 3170 ⁸
662 3148 763 3191 verunt.
782 3143 850 3191 Nam
859 3143 1037 3206 etgrarirrimi
1048 3143 1178 3206 arctarer,

77 3215 163 3282 ‘pttt
180 3221 205 3270 iu
224 3221 331 3272 collect.
353 3219 460 3268 Puteoli.
487 3217 570 3268 Sutiru
589 3233 600 3268 1
642 3215 788 3265 ‘Hortum
799 3223 827 3265 et
842 3217 1025 3280 Quintilianus,
1034 3217 1176 3268 inventioni

77 3293 172 3345 ‘Persii
189 3298 296 3347 citatur.
326 3295 358 3346 ln
370 3295 496 3348 Jureuaie
513 3301 599 3344 rotem
639 3304 648 3331 ⁴
660 3305 702 3340 eat
713 3293 884 3340 Romanorum
895 3292 1036 3353 vindicent,
1048 3299 1076 3341 et
1094 3306 1109 3340 a
1121 3292 1177 3342 reri

77 3367 177 3420 ‘librie
196 3373 371 3438 grammaticis
386 3385 490 3434 temper
506 3385 600 3421 memo·
640 3367 750 3431 ‘specie
771 3367 921 3430 neutiquam
942 3368 1074 3426 abhorret,
1096 3383 1140 3418 ear
1161 3382 1177 3417 e

78 3443 285 3502 ‘untur-uuir
296 3455 382 3498 autem
395 3447 527 3510 Horatium,
537 3445 600 3496 Per·
642 3441 812 3506 ‘cumpositis
825 3451 922 3491 temere
941 3457 972 3492 ac
989 3443 1095 3493 rudibur
1109 3444 1178 3508 jocir

79 3521 150 3584 ‘riur,
165 3531 191 3574 et
201 3523 344 3584 luvenalis,
361 3523 453 3573 Lucilii
469 3521 601 3570 scribendi
642 3519 690 3568 ‘et
701 3518 820 3567 dicteriir
830 3514 910 3567 tuisse
921 3525 1021 3582 enatae,
1035 3534 1094 3584 quie
1110 3519 1177 3582 prir-

81 3597 179 3664 ‘geuuq
197 3617 242 3651 rua
257 3607 345 3650 tamen
365 3599 472 3664 quiaque
493 3597 603 3658 ratione,
642 3596 700 3644 ‘cle
723 3594 884 3657 temporibus
905 3595 1032 3658 jurentur
1061 3595 1177 3644 Romanu

80 3672 87 3698 ‘
98 3677 171 3725 secuti
186 3683 255 3738 suut,
267 3678 335 3725 inter
352 3689 395 3724 eur
415 3679 541 3734 auctores,
557 3671 600 3736 qui
641 3671 706 3734 ‘per
717 3670 799 3719 otium
809 3675 837 3718 et
848 3669 980 3718 lasciviam
992 3669 1099 3718 alteruis
1111 3669 1176 3718 role-

81 3747 201 3802 ‘mturam
229 3768 275 3803 eeu
308 3758 408 3802 taturus
434 3749 601 3812 scripserunt,
641 3749 702 3796 ‘ret
721 3747 747 3794 iu
767 3761 845 3796 reeua
861 3745 1004 3796 edirudere.
1047 3747 1178 3796 erarem

81 3823 600 3890 ‘juraruntretatteummquelibrilem
642 3825 713 3873 ‘non
740 3822 816 3871 modo
843 3823 868 3870 in
892 3829 1045 3886 argumento
1069 3822 1177 3886 ejurque

81 3899 241 3954 ‘etruriuibua
258 3903 367 3966 siugulis
382 3903 403 3952 la
415 3901 515 3960 titulus,
527 3900 601 3962 quuu
641 3897 789 3948 ‘tractandi
810 3897 927 3960 coneilio,
945 3909 1033 3945 rerum
1055 3897 1133 3947 utiam
1150 3899 1178 3950 iu

81 3973 266 4038 'ipriructores
282 3977 370 4027 ioman
386 3989 437 4026 nou
455 3975 600 4036 inempta
641 3975 719 4037 ‘ipra
744 3972 901 4022 tractatione
928 3985 1021 4034 magna
1048 3973 1178 4038 reperitur

81 4051 414 4118 ‘thautamrimcriptm’
441 4053 598 4104 cincti&
640 4048 851 4098 ‘dissimilitudo¹
885 4047 1002 4096 Primum
1014 4049 1083 4098 euim
1099 4049 1120 4098 ai
1137 4065 1178 4098 ur·

108 4131 137 4177 tn
144 4131 290 4183 Eichetaedt
296 4145 322 4195 p.
330 4133 415 4180 unm.
426 4129 475 4178 ‘lu
482 4126 599 4189 tragicis:
640 4129 796 4188 ‘permutem
808 4130 952 4186 spectetur,
964 4124 1034 4189 quud
1047 4124 1123 4174 ritum
1137 4130 1178 4174 ert

84 4201 598 4270 iuquit*Grammnsutyru,utquosre-
641 4203 684 4252 rin
696 4199 773 4249 variis
789 4197 891 4248 ridiculi
908 4199 1055 4264 generibur,
1065 4215 1123 4252 rum
1140 4197 1177 4266 lag
