2817 4792
228 371 275 444 98
514 391 564 441 ns
586 389 669 441 sar.
692 347 851 453 sacrun,
876 387 1051 454 nonam,

228 539 281 624 gis
293 535 544 614 labefactarunt,
558 541 592 602 et
609 535 732 602 mnam
751 534 788 598 in
808 532 944 598 modurn
967 551 1170 600 consumere
1190 534 1338 618 primun

229 639 453 716 Gracchanae,
470 637 660 716 Dmsianae,
677 634 889 722 Apuleiana,
904 635 1048 718 aliaeque
1068 635 1253 700 seditiones
1276 637 1336 701 tri-

227 741 378 818 buuitioe,
394 759 475 806 mox
489 740 579 805 bella
592 739 718 817 civilia,
738 737 1010 822 proscriptiones,
1024 736 1200 802 dicatum
1213 757 1339 822 perpe-

229 849 307 921 tuae,
321 848 355 906 et
370 843 606 908 triumviratus.
651 840 767 906 Mores
786 839 887 916 enim,
903 845 1002 903 autea
1018 839 1142 903 sensim
1155 839 1339 922 paulatim-

229 963 293 1029 que
307 944 409 1027 lapsi,
426 949 596 1028 ooeperunt
619 943 811 1028 praecipites
831 942 890 1017 ire,
914 945 949 1005 et
972 939 1178 1006 abundantes
1202 941 1338 1010 drifia

228 1051 327 1131 atque
353 1047 541 1130 voluptates
567 1049 767 1131 pepererunt
793 1043 1005 1121 desiderium,
1031 1062 1092 1125 per
1117 1043 1340 1110 ambitionem

228 1151 328 1232 atquc
349 1147 532 1232 potentiam
545 1145 686 1212 audendi
701 1146 924 1230 perdendique
938 1144 1069 1224 omuia3
1094 1142 1203 1210 donec
1223 1144 1271 1209 ad
1291 1165 1340 1212 ea

227 1255 421 1334 perventum
436 1255 487 1314 est
500 1257 660 1333 tempora,
674 1248 797 1331 quibus
822 1245 944 1330 perditi
966 1251 1068 1330 atque
1089 1245 1261 1328 profligati
1274 1245 1339 1312 bo-

227 1353 332 1417 mines
345 1371 412 1416 non
427 1351 571 1434 amplius
589 1351 645 1416 vel
665 1350 749 1414 uitia
773 1367 847 1427 sua,
872 1349 926 1414 uel
946 1347 1108 1425 remedia,
1120 1365 1200 1431 quae
1213 1349 1337 1414 morbo

227 1453 361 1536 quidem
376 1453 625 1529 adhibebantur,
641 1451 700 1516 sed
715 1450 858 1515 salutem
870 1449 1071 1527 minuebant,
1081 1451 1154 1532 pati
1166 1455 1338 1534 poterant,

227 1557 284 1618 aut
298 1551 380 1617 terre
393 1553 589 1632 libertatem,
604 1571 694 1638 quae,
721 1561 798 1618 cum
812 1572 835 1616 a
847 1551 1045 1618 Caesariano
1058 1551 1136 1616 inde
1150 1550 1338 1641 Pompeia-

226 1671 337 1738 noque
352 1650 448 1720 'bello
471 1654 515 1718 ad
539 1673 685 1738 pugnam
700 1653 879 1720 Actiacam
905 1655 960 1719 uel
983 1654 1162 1739 septimum
1184 1652 1337 1736 Augusti

227 1755 434 1822 consulatum
455 1757 547 1821 velut
557 1759 698 1822 moriens
712 1757 875 1822 reluctata
888 1760 979 1821 esset
991 1754 1337 1833 domnoniensem

226 1857 258 1922 ei
280 1857 397 1922 cedere
419 1865 536 1924 coacta
560 1863 621 1924 cst.
672 1857 819 1924 Romani
840 1857 944 1935 ciues,
968 1857 1028 1940 qui
1053 1856 1146 1934 olim,
1170 1856 1337 1941 quamdiu

225 1957 332 2024 adhuc
347 1960 560 2045 parsimoniae
575 1961 835 2045 paupertatique
847 1959 952 2024 bonos
961 1962 1106 2036 steterat,
1116 1957 1336 2042 disciplinam

178 2069 180 2072 ’
226 2079 389 2140 severam,
403 2064 534 2148 inopem
559 2063 743 2148 duramque
763 2064 880 2141 vitam,
900 2061 1068 2147 justitiam
1090 2061 1245 2145 aliusque
1267 2062 1337 2128 rir-

225 2165 312 2228 tutes
327 2164 506 2243 coluerant,
521 2165 599 2231 iude
614 2186 635 2231 a
654 2165 793 2230 Sullana
806 2167 907 2230 aetate
920 2183 1022 2249 opum
1036 2167 1071 2228 et
1083 2163 1334 2228 eoaoavanda·

224 2283 297 2330 rom
311 2271 344 2329 et
356 2266 658 2350 prolimdendarum
678 2266 870 2351 inexplebili
892 2269 992 2349 atquc
1014 2265 1134 2329 insana
1146 2263 1334 2348 cupiditate

224 2367 403 2450 ardebant3
433 2369 651 2454 mulieresque
671 2389 738 2435 non
761 2369 870 2433 minus
891 2368 1028 2452 turpiter
1048 2367 1208 2432 virebant
1225 2384 1333 2450 quam

224 2467 300 2534 viri.
345 2467 493 2535 Censura
506 2473 667 2538 nonsatis
686 2489 805 2536 severa
821 2476 893 2536 erat
904 2469 1151 2548 autefficax,et
1163 2467 1332 2534 institutio

223 2567 399 2635 liberorum
410 2590 576 2653 perversa,
591 2571 779 2638 horninibus
801 2590 894 2656 saepe
917 2571 1090 2637 vilissimis
1107 2569 1332 2653 turpissimis-

224 2687 290 2753 que
305 2670 428 2736 tradita
450 2677 484 2735 ot
508 2690 530 2735 a
552 2674 745 2757 parentibus
768 2675 823 2740 rel
844 2674 944 2757 plene
964 2673 1118 2755 neglecta
1134 2671 1188 2737 vel
1212 2671 1332 2755 pravis

222 2771 378 2838 vitiorum
392 2771 556 2857 exemplis
569 2779 734 2860 corrupta.
788 2772 909 2840 cicero
922 2793 989 2838 non
1002 2791 1069 2837 unc
1081 2773 1158 2839 loeo
1172 2771 1333 2856 deplorat

223 2891 398 2952 summam,
423 2876 458 2938 in
487 2893 587 2960 quam
617 2875 728 2960 prima
752 2883 837 2944 aetas
860 2896 924 2942 sua
946 2875 1130 2954 incidisset,
1152 2874 1332 2958 perturba·

222 2973 344 3038 tionem
358 2973 546 3058 disciplinae
560 2978 693 3057 veteris,
714 2983 782 3043 tam
804 2979 952 3063 publicae
966 2997 1067 3062 quam
1079 2977 1234 3061 privata,
1248 2995 1331 3042 curn

223 3091 292 3158 qua
313 3093 381 3139 rem
395 3077 568 3158 publicam
581 3079 829 3165 potentiamque
843 3081 1068 3147 Romanorum
1092 3086 1127 3143 et
1146 3078 1280 3142 stetisse
1292 3083 1331 3144 et

222 3173 385 3241 cecidisse
398 3179 634 3259 sapientissimi
648 3179 712 3246 riri
721 3181 924 3266 judicarunt,
935 3188 969 3248 et
981 3183 1016 3246 in
1030 3179 1125 3245 Orat.
1139 3199 1202 3264 pro
1212 3177 1329 3246 Coelio

223 3293 254 3342 c.
271 3277 324 3342 17.
339 3279 571 3345 continentiam
585 3279 669 3347 dicit
682 3282 833 3367 aliasque
844 3281 1069 3360 Camillorum,
1080 3281 1328 3360 Fabriciorum,

224 3373 464 3465 Curiorumque
476 3381 614 3448 uirtutes
626 3403 692 3449 non
706 3385 817 3450 solum
829 3403 896 3450 non
907 3383 942 3449 in
954 3384 1103 3449 moribus
1123 3382 1222 3467 bajus
1242 3382 1327 3461 arri,

223 3477 283 3544 sed
297 3479 358 3546 rix
377 3481 449 3567 jam
470 3483 505 3548 in
528 3483 624 3549 libris
639 3486 795 3568 reperiri3
827 3485 960 3550 chartas
975 3503 1121 3569 quoque,
1138 3501 1216 3567 qun
1230 3481 1327 3549 illam

220 3581 396 3666 pristinam
421 3584 629 3650 seueritatem
658 3583 886 3663 continuerint,
925 3585 1143 3651 obsolevisse.
1198 3583 1326 3650 Exem·

220 3685 314 3772 plum
328 3683 444 3750 deinde
459 3685 615 3768 Augrrsti,
629 3687 792 3770 principis
803 3687 970 3771 magnifici
982 3693 1016 3752 et
1026 3685 1202 3764 luxoriosi,
1212 3687 1326 3752 maxi·

220 3807 274 3853 me
290 3809 368 3855 vero
383 3785 594 3866 Maecenatis,
618 3787 762 3854 bominis
785 3790 856 3857 otio
878 3809 920 3855 ao
941 3789 1090 3854 mollitiis
1112 3807 1211 3876 paene
1232 3787 1326 3856 ultra

221 3887 392 3954 ioeminam
405 3889 548 3968 fluentis,
574 3889 709 3966 (Vellei.
725 3907 767 3954 11.
782 3889 837 3955 88.
880 3889 904 3954 J
906 3891 1036 3956 urenal.
1052 3909 1078 3954 1.
1092 3892 1148 3955 66.
1163 3905 1239 3956 xil.
1251 3891 1326 3970 89.)

221 4007 302 4072 opes
317 3991 498 4071 immense,
512 4009 558 4056 ex
571 3991 752 4075 provinciis
770 3991 917 4057 Romam
934 3993 1146 4069 oondomtes,
1161 3993 1325 4058 secuntus

220 4091 371 4172 nequies
385 4092 527 4178 imperii,
542 4098 609 4160 tam
622 4093 758 4158 diutinis
781 4095 939 4178 procellis
961 4113 1003 4158 ao
1024 4093 1219 4159 turbulentis
1239 4101 1324 4162 tem,

218 4191 403 4278 pestatibus
417 4195 541 4272 vexati,
553 4195 694 4278 exiguas
707 4195 942 4281 simplicitatis,
955 4194 1193 4278 magnitudinis
1207 4195 1323 4280 ammi,

221 4290 426 4382 diuumque
439 4293 593 4362 virtutum
607 4314 799 4380 morumque
813 4302 961 4362 veterum
974 4295 1132 4379 reliquias
1147 4296 1324 4382 exungue-
