2817 4792
218 364 284 432 118
505 381 554 430 un
577 382 660 435 rar.
683 383 843 445 nomon,
868 385 1043 448 rrousrrr,

216 544 293 592 cum
306 524 499 590 vestimenta
510 525 635 590 nullam
647 525 874 609 lereoorporis
884 533 1012 610 purtem
1025 546 1156 611 semper
1165 529 1328 608 celarunt,

216 632 251 692 et
274 628 307 692 iu
328 627 621 692 exercitationibus
637 628 801 712 gymnicis
815 629 930 693 omnia
952 647 1047 712 saepe
1073 629 1324 713 deponerentur,

216 727 430 813 soeminaeque
444 749 488 794 ex
511 731 678 814 gynaeceis
703 729 739 793 in
752 730 898 794 virorum
920 732 1192 808 consuetudinem
1205 738 1239 798 et
1251 753 1325 796 coe-

215 834 286 896 tum
298 849 375 895 raro
389 833 545 908 venirent,
567 835 605 896 ut
628 830 748 915 pudori
760 832 911 915 ipsarum
924 833 1043 898 luisset
1063 833 1326 898 consulendum:

215 931 321 996 multa
333 940 521 998 manserunt
533 935 682 1013 honesta,
697 940 731 999 et
744 936 815 998 sine
837 937 962 1000 bonore
974 935 1148 1018 praefando
1171 935 1322 1014 dicenda,

215 1051 306 1115 quae,
321 1035 591 1100 vestimentorum
615 1036 789 1102 immutata
801 1039 942 1114 ratione,
955 1042 989 1101 et
1012 1037 1211 1102 verecundia
1222 1039 1258 1101 iu
1269 1056 1321 1100 se-

214 1135 365 1217 quiorem
379 1157 509 1216 serrum,
521 1138 580 1222 qui
592 1158 680 1203 nunc
690 1157 758 1203 non
770 1140 938 1204 minimam
947 1141 1026 1204 vitoe
1041 1139 1178 1204 socialis
1192 1145 1318 1223 partem

215 1239 399 1318 constituit,
414 1241 457 1304 ab
468 1240 608 1322 ingenue
623 1245 656 1305 et
665 1240 846 1305 liberaliter
859 1240 1017 1304 institutis
1027 1258 1096 1305 non
1109 1244 1318 1322 usurpantur.

213 1337 330 1418 Porro,
345 1342 436 1425 quod
451 1348 552 1426 caput
566 1341 646 1407 mihi
657 1341 798 1421 videtur,
823 1363 898 1407 cum
911 1362 1020 1406 mores
1033 1328 1157 1406 civium
1171 1340 1319 1425 discipli·

213 1459 259 1504 na
274 1442 422 1524 publica,
435 1443 599 1527 majorum
612 1444 770 1508 institutis
784 1449 818 1508 et
838 1444 969 1526 legibus
981 1445 1129 1508 maxime
1139 1443 1319 1507 formaren-

214 1546 277 1620 tur,
292 1543 334 1606 iis
350 1551 459 1608 autem
483 1533 613 1630 legibus
628 1547 720 1611 cives
739 1553 867 1612 tantum
890 1552 1090 1627 tenerentur3
1112 1547 1229 1626 multa,
1244 1565 1320 1631 qua

213 1645 325 1728 turpia
352 1645 495 1711 luissent
519 1648 553 1712 in
580 1648 672 1713 cives
686 1650 877 1727 commisse,
897 1649 933 1712 in
946 1651 1134 1732 peregrinos
1158 1667 1321 1714 concessa

212 1750 317 1824 erant,
331 1747 372 1812 de
387 1750 507 1834 quibus
522 1751 619 1833 igitur
630 1751 732 1817 libere
745 1756 778 1816 et
792 1757 908 1834 aperte
918 1752 1011 1834 loqui
1025 1771 1122 1815 nemo
1134 1751 1320 1827 verebatur,

212 1853 396 1932 praesertim
417 1854 452 1916 in
469 1853 705 1936 elegantiorum
725 1861 759 1921 et
779 1855 1031 1920 delicatulorum
1052 1854 1200 1918 circulis.
1246 1847 1320 1917 Ho-

212 1953 351 2017 nestatis
368 1955 513 2036 quidem,
529 1956 673 2034 decoris,
689 1961 724 2019 et
733 1956 871 2039 pudoris
882 1956 916 2020 ri
930 1956 1038 2038 magis
1051 1953 1200 2030 exculta,
1212 1953 1251 2032 ii,
1262 1953 1319 2037 qui

212 2055 368 2136 gravitati
383 2059 416 2119 et
437 2057 588 2139 dignitati
610 2058 786 2133 studerent,
802 2077 825 2121 a
847 2057 962 2122 multis
975 2054 1110 2140 quidem
1129 2055 1231 2120 dictis
1253 2055 1319 2119 sibi

211 2159 443 2240 temperarunt,
459 2177 535 2243 quae
548 2158 772 2223 multitudinis
785 2158 912 2223 levitati
927 2162 960 2222 et
979 2158 1172 2240 petulantiae
1188 2176 1320 2240 semper

210 2259 447 2343 probabantur,
461 2266 498 2325 ut
522 2261 663 2325 Periclis
681 2266 828 2343 tempore
852 2258 1087 2343 Aristophanis
1096 2258 1171 2342 joci
1196 2259 1318 2343 impuri

210 2361 478 2445 Atheniensibus,
500 2367 620 2450 quibus
641 2365 827 2430 honestatis
851 2370 1024 2448 praecepta
1038 2364 1197 2429 Socrates
1218 2363 1319 2428 tradi·

211 2465 314 2544 derat,
338 2486 491 2551 quosque
510 2466 639 2550 pulchri
662 2471 696 2531 et
719 2466 849 2532 decoris
863 2485 962 2530 sensu
976 2465 1118 2531 Phidias
1141 2465 1318 2532 imbuerat.

210 2567 353 2632 Omnino
378 2573 487 2634 autem
513 2571 598 2633 inter
622 2569 773 2633 liberales
794 2568 893 2651 jocos
919 2570 1050 2634 lasciva
1071 2588 1205 2652 quoque
1230 2576 1319 2634 etea

206 2667 422 2749 habebantur,
438 2689 575 2754 quorum
588 2673 712 2736 mentio
738 2673 878 2755 ingenue
900 2672 1050 2736 instituto
1062 2689 1150 2735 nune
1162 2671 1316 2735 ruborem

207 2769 400 2852 offunderet,
413 2790 602 2855 quanquam
618 2791 640 2836 a
651 2772 925 2856 philosophorum
938 2771 1233 2855 disputationibus,
1248 2772 1318 2836 his⁴

207 2873 381 2938 turicorum
407 2875 580 2956 gravitate,
592 2880 625 2939 et
649 2893 714 2938 usu
737 2874 862 2938 forensi
886 2873 1007 2950 aliena,
1027 2871 1136 2956 potitis
1156 2878 1267 2939 tamen
1281 2875 1316 2938 in

205 2975 324 3058 primis
339 2993 518 3055 concessa3
541 2995 650 3058 eaque
670 2995 716 3039 ex
729 2975 797 3040 illis
810 2976 945 3040 sublata
957 2975 1056 3055 velle,
1071 2981 1129 3040 aut
1151 2977 1234 3040 vitio
1249 2976 1318 3040 illis

206 3075 297 3152 dare,
311 3074 541 3139 absurdissimi
554 3076 679 3140 fastidii
694 3078 844 3143 arbitror.
889 3074 990 3155 Quod
1004 3078 1035 3141 si
1060 3077 1161 3162 igitur
1176 3076 1315 3158 Ouidio,

207 3175 351 3255 Catullo,
372 3175 533 3256 Martiali,
547 3178 751 3263 reliquisque
765 3177 877 3262 po'etis
892 3200 936 3244 ea
954 3181 1055 3245 venia
1067 3179 1179 3245 danda
1190 3187 1255 3261 est,
1269 3181 1314 3245 ab

206 3279 371 3357 omnibus,
397 3279 456 3362 qui
479 3280 513 3343 in
536 3281 683 3364 legendis
701 3283 885 3366 priscorum
910 3283 1119 3350 monimentis
1142 3288 1256 3348 mente
1280 3287 1317 3348 et

204 3381 403 3464 cogitatione
425 3383 540 3448 eorum
554 3391 752 3467 temporum,
765 3385 888 3468 quibus
902 3387 1044 3468 quisque
1064 3385 1246 3468 scripserit,
1261 3405 1314 3450 ra·

203 3483 326 3552 tionem
348 3490 548 3567 presentem
570 3488 636 3551 sibi
661 3488 782 3571 fingere
809 3489 927 3567 sciant,
940 3494 976 3554 ut
997 3488 1125 3554 lascive
1149 3486 1314 3553 interdum

201 3586 329 3667 ludent,
355 3607 540 3672 parumque
564 3589 685 3673 pudice
705 3592 906 3674 loquantur3
928 3596 1055 3674 quanto
1078 3592 1238 3677 majorem
1252 3612 1313 3658 ex-

203 3691 412 3757 eusationem
429 3690 556 3756 satirici
571 3691 706 3770 habent,
723 3693 830 3776 quiin
851 3713 961 3757 rerum
980 3692 1185 3776 turpitudine
1197 3697 1312 3778 exagi-

203 3793 317 3875 tanda,
331 3793 378 3872 id,
394 3792 484 3880 quod
499 3793 566 3858 sibi
580 3801 838 3879 proposuerunt,
853 3796 922 3859 risu
934 3796 1043 3878 magis
1056 3805 1091 3860 et
1099 3795 1194 3880 joco,
1208 3815 1311 3879 quam

203 3897 394 3962 austeritate
418 3901 451 3962 et
474 3897 646 3964 severitate
669 3897 829 3982 consequi
853 3901 985 3980 queant.
1031 3895 1163 3974 Omnia,
1178 3916 1257 3981 quse
1278 3899 1311 3962 in

202 3995 350 4064 Horatio
360 4001 462 4066 obvia
476 4005 562 4080 sunt,
589 4019 734 4085 quaeque
755 3999 917 4064 obscoena
931 4004 963 4064 et
976 4000 1089 4082 turpia
1103 4018 1193 4064 nunc
1207 4019 1310 4066 voca-

201 4117 290 4178 mus,
305 4119 347 4164 ea
372 4103 554 4184 cogitemus
578 4122 600 4167 a
617 4105 697 4169 ritae
711 4101 873 4186 elegantia
885 4101 1061 4168 laetiorum
1083 4101 1309 4168 Romanmum

200 4217 414 4292 nequaquam
437 4207 517 4268 tuuc
533 4204 753 4284 abhorruisse,
764 4221 872 4298 neque
894 4203 1048 4288 ingenuis
1059 4209 1094 4271 ct
1114 4202 1310 4272 liberalibus
