2817 4792
222 329 267 400 42
727 342 817 393 vrrs

219 489 390 572 publicum
404 485 582 554 emittendi.
627 484 713 550 Inde
735 490 846 552 autur
867 485 924 551 ilie
944 487 1330 563 mmmutimmmams,

219 590 262 656 do
276 608 345 672 qno
360 589 395 651 in
408 588 514 671 prima
528 587 651 665 Satira,
674 607 753 652 cum
772 607 851 671 caes
877 587 935 652 illa
960 589 1046 652 lucri
1066 594 1262 672 appareret,
1284 590 1331 654 rii

76 711 81 720 ·
219 697 307 758 rante
332 689 549 774 professores,
589 691 637 754 uti
662 689 820 766 vidimus,
853 688 1040 755 Hadriano.
1095 688 1225 754 Omnes
1255 711 1331 774 ergo

220 793 349 859 Sauras
371 793 434 856 snb
459 791 634 858 Hadriano
658 791 766 858 editas
788 793 1032 870 existimamus,
1054 812 1119 855 nou
1139 799 1330 876 postremas

220 893 460 970 tautummodo,
482 897 518 958 ut
533 893 638 958 voluit
651 893 849 958 Salmasius.
893 892 1138 958 Paratssenim
1162 893 1210 957 ad
1234 895 1329 959 editi-

220 1013 318 1062 ouem
332 1014 398 1058 uno
413 994 595 1077 eodemque
605 1000 751 1077 tempore
764 995 869 1059 tuisse
882 993 935 1059 vel
950 994 1029 1058 illud
1044 996 1163 1076 arguit,
1179 997 1275 1080 quod
1287 995 1330 1058 tir

219 1097 413 1181 illustreque
429 1095 583 1160 recitaret.
628 1094 663 1158 N
665 1115 708 1160 on
723 1096 851 1161 scilicet
865 1097 1014 1173 seorsim,
1036 1097 1096 1160 sed
1117 1098 1196 1160 unis
1222 1101 1328 1163 couti-

189 1239 193 1246 ·
216 1199 354 1284 unisque
368 1199 632 1274 recitationibus,
646 1217 731 1281 quus
745 1197 877 1282 quidem
891 1204 969 1264 ante
981 1198 1118 1261 exibam
1130 1201 1325 1282 scripserat,

217 1300 399 1366 universus.
430 1299 582 1383 Cumque
596 1299 655 1363 diu
671 1317 708 1362 se
723 1318 745 1363 a
758 1300 948 1364 recitatione
961 1299 1168 1377 continuarit,
1183 1302 1326 1384 proinde

219 1403 298 1466 nuni
322 1417 458 1468 oxvnr.
483 1402 557 1478 tino,
580 1400 672 1464 feriis
695 1399 848 1477 sonasse,
872 1414 956 1484 quas
985 1401 1240 1466 mcimtionibus
1261 1405 1328 1487 pla·

219 1521 360 1585 rumque
373 1502 512 1578 dabant,
523 1501 791 1578 vindemialibus,
806 1519 873 1566 non
887 1509 996 1566 autem
1007 1504 1147 1592 metiris,
1160 1505 1326 1568 recitavit

220 1601 368 1668 Ultimus
384 1602 546 1669 Satirasa
562 1620 648 1668 x111.
665 1612 734 1670 tum
747 1612 837 1670 certe
851 1605 993 1688 scriptas
1010 1610 1089 1669 nota
1107 1604 1166 1667 illa
1187 1625 1326 1688 sange-

220 1704 297 1772 simi
312 1724 333 1768 a
349 1703 480 1770 Fonteii
495 1707 669 1772 consulatu
684 1707 761 1770 anni
785 1705 893 1782 docet,
914 1707 1017 1770 otiam
1036 1707 1232 1770 observante
1256 1707 1326 1771 Sal-

219 1807 337 1876 nasio.
392 1804 448 1872 Ad
476 1807 615 1891 Trajeui
640 1808 741 1874 etiam
763 1814 915 1891 tempora
944 1807 1100 1871 exeuntia
1126 1811 1328 1890 spectabant

219 1917 308 1972 terre
323 1921 422 1974 motor
435 1910 494 1986 illi,
508 1929 647 1994 quornm
662 1912 787 1976 mentio
801 1909 947 1974 occurrit
959 1909 994 1971 iu
1007 1908 1080 1974 Sat.
1094 1926 1145 1972 vr.
1157 1910 1237 1974 4119.
1248 1912 1324 1975 ulo.

219 2010 414 2080 observante
429 2009 558 2096 Lipsio.
603 2011 684 2078 Erat
706 2014 794 2076 euim
816 2017 913 2077 terrae
937 2015 1048 2074 motus
1071 2010 1128 2074 ilie
1151 2029 1241 2078 anno
1264 2032 1325 2096 pro

219 2113 338 2179 nostris
368 2113 507 2180 calculis
534 2129 640 2178 extr.
664 2120 816 2191 execmte,
843 2133 905 2196 pro
928 2113 1072 2196 receptis
1100 2116 1214 2176 antem
1233 2129 1325 2176 cxr.

219 2211 334 2280 itidem
348 2221 496 2282 exeunte.
540 2213 585 2280 Et
602 2211 787 2278 Frontonem
801 2215 915 2292 illum,¹
931 2215 1028 2300 eujus
1041 2203 1169 2297 platani
1187 2219 1223 2278 ct
1241 2234 1327 2280 mar·

218 2335 311 2382 mora
332 2317 501 2401 perpetus
523 2316 697 2401 poetarum
721 2317 974 2383 recitationibus
997 2317 1172 2392 sonabunt,
1207 2321 1244 2380 ut
1266 2335 1324 2381 nos

220 2415 318 2484 docet
341 2418 514 2484 Juveuolis
539 2420 617 2504 ipso
641 2419 712 2483 Sat.
730 2435 753 2480 r.
778 2419 885 2495 initio,
910 2437 979 2482 non
1001 2415 1105 2480 alium
1124 2417 1284 2482 existimo
1305 2436 1326 2481 a

220 2517 432 2582 celeberrimo
453 2520 595 2586 Oratore
611 2518 661 2582 M.
679 2517 826 2583 Cornelio
843 2516 1010 2594 Frorrtonr,
1034 2515 1145 2582 Marci
1163 2517 1326 2602 Luciique

219 2614 459 2684 Antoninorum
474 2620 651 2702 Magistro,
675 2623 733 2705 qui
751 2622 815 2686 snb
835 2621 1012 2686 Hadriano
1025 2619 1197 2702 praecipue
1212 2625 1247 2684 ct
1261 2619 1324 2684 Pio

220 2723 253 2786 et
266 2716 384 2786 Marco
398 2721 518 2800 fluunt,
540 2741 581 2786 ne
596 2722 641 2787 ad
661 2727 811 2806 tempora
825 2721 1000 2787 Hadriano
1014 2720 1203 2804 antiquiora
1220 2721 1327 2803 possit

219 2821 389 2888 commode
403 2824 525 2889 referri.
556 2823 658 2890 vidit
672 2823 765 2890 illmn
779 2830 867 2890 certo
881 2823 1076 2906 audiuitque
1089 2822 1152 2886 sub
1166 2821 1233 2885 Pio
1244 2821 1325 2888 Gel-

219 2922 295 2990 lius.
338 2921 458 3006 (Noct.
477 2926 548 2991 Att.
575 2941 664 2992 1111,
684 2925 740 2992 28.
764 2941 851 2990 xrx.
875 2924 908 2991 8.
923 2925 977 2990 10.
992 2921 1066 3008 1³.)
1107 2922 1325 2990 Consulmuur

220 3027 329 3088 autem
342 3023 407 3088 sub
421 3025 585 3109 discipulo
600 3029 713 3110 gessit,
735 3035 774 3092 ut
793 3025 935 3104 ridetur,
960 3025 1089 3091 Murco.
1135 3023 1250 3102 Erunt,
1277 3026 1326 3090 fa-

219 3127 301 3199 teor,
330 3124 388 3189 alii
411 3145 543 3212 quoque
566 3129 633 3194 illis
652 3131 858 3214 temporibus
874 3125 1054 3206 Frontorrr,
1076 3133 1115 3194 nt
1136 3127 1326 3193 observarit

219 3223 300 3292 olim
325 3226 366 3292 ad
392 3227 503 3294 locum
528 3231 672 3315 junioris
698 3231 800 3298 Plinii
825 3229 1017 3295 Cstaumus.
1063 3227 1104 3294 ln
1131 3227 1200 3291 illis
1222 3229 1323 3292 etiam

219 3323 344 3392 Fronto
360 3325 477 3395 Catius
492 3334 555 3396 sub
569 3333 716 3418 'Itajano
731 3333 851 3400 Orator
872 3337 906 3396 ct
927 3333 1001 3416 ipse
1013 3336 1048 3395 ut
1059 3331 1201 3396 Senator
1215 3327 1324 3394 Plinio

219 3427 284 3512 ipsi
294 3447 429 3496 courum
453 3437 486 3496 et
509 3435 552 3498 eb
576 3455 617 3499 eo
639 3455 706 3501 nou
719 3455 786 3500 uuo
799 3435 837 3498 iu
847 3435 924 3500 loco
937 3438 1149 3497 memoratus.
1182 3429 1268 3515 (Ep.
1285 3444 1323 3495 11.

218 3531 271 3597 11.
288 3547 340 3596 ιν.
355 3533 389 3599 9.
406 3549 459 3598 vr.
472 3533 543 3618 13.)
573 3525 673 3602 Illum
687 3531 903 3622 grandaevum
918 3534 1098 3602 admodum
1106 3534 1210 3597 fuisse
1224 3549 1319 3614 opor·

217 3637 274 3712 tet,
297 3635 328 3700 si
345 3635 455 3700 Murci
468 3641 618 3721 tempora
638 3641 794 3725 attigerit,
817 3641 848 3704 si
869 3637 970 3710 Plinii
992 3641 1140 3720 tompore
1162 3637 1262 3698 aare
1274 3632 1324 3697 sn·

217 3737 279 3806 erit
291 3740 467 3806 senatoria.
494 3737 710 3826 umdemque
722 3761 803 3807 sana
816 3739 957 3815 eredidit
970 3735 1160 3802 craneus
1198 3731 1322 3800 Naeuio

218 3857 262 3904 au
275 3849 372 3908 ructo.
417 3841 485 3908 Sed
500 3847 686 3927 temporum
699 3843 799 3920 ratio,
819 3847 854 3906 ct
874 3842 970 3904 favor
984 3839 1020 3902 in
1038 3837 1132 3902 illum
1145 3833 1321 3912 Hadriani,

218 3945 252 4004 ct
274 3959 335 4022 par
357 3944 442 4009 uduo
460 3945 551 4012 illius
574 3946 609 4009 in
636 3946 784 4011 literatos
798 3941 945 4012 studimn
965 3941 1002 4004 id
1024 3938 1178 4014 efficiunt,
1199 3941 1238 4002 ut
1257 3955 1321 4003 uou

218 4041 321 4110 alium
343 4044 436 4108 illum
456 4047 561 4114 imese
574 4037 849 4113 ¹verisimillimum
865 4047 912 4110 sit
933 4063 956 4108 a
978 4039 1090 4106 Marci
1103 4041 1318 4122 praeceptura,

218 4144 259 4213 de
280 4161 347 4227 quo
368 4144 511 4228 loquitur
524 4147 706 4214 turmalis.
751 4148 794 4215 Irl
816 4151 926 4213 umen
938 4143 1111 4226 urmoipue
1125 4137 1253 4218 suadet,
1273 4137 1319 4205 uti
