2817 4792
521 378 730 431 rsnrrrro.
1135 368 1183 432 le

63 527 119 598 ad
132 547 248 604 veram
260 528 447 606 lectionem,
464 527 562 614 cnjus
582 529 730 614 vestigia
741 531 778 596 in
797 531 842 598 iis
861 529 977 615 intent,
989 531 1046 600 vel
1065 551 1182 601 emen-

64 633 224 698 demvel
237 629 507 696 confirmandam.
555 631 714 715 Denique
743 651 803 712 eu,-
822 652 924 718 qnam
947 641 1182 716 secutnssum,

63 735 212 812 ratione,
239 725 439 800 brevissime
473 734 603 800 scilieet
630 736 797 800 notatione
824 737 991 818 codicum,
1014 758 1098 822 quos
1118 758 1184 810 nen

65 835 178 904 medo
191 836 364 918 designavi
382 838 537 919 numeris,
558 837 618 902 sed
638 839 750 916 etiem,
770 839 902 922 quoties
924 841 1046 924 plume,
1069 839 1183 906 ordine

71 959 113 1004 se
128 939 347 1022 excipientes,
362 959 396 1006 v.
412 957 443 1004 c.
452 939 566 1022 viginti
579 939 716 1022 priores,
726 940 811 1005 inter
824 961 861 1006 se
875 943 1107 1028 congruebant,
1117 941 1184 1008 buo

69 1047 156 1108 nou
191 1042 281 1106 1-20.
333 1041 481 1120 laudavi,
527 1039 656 1106 efficere
692 1051 856 1126 poteram,
893 1049 932 1109 ut
966 1063 1075 1110 rernm
1099 1045 1184 1110 sorte

72 1143 243 1209 inutilium
264 1143 352 1209 mole
374 1163 494 1227 puucae
516 1149 641 1209 tentum
662 1144 904 1228 complerentur
924 1145 1085 1231 plagulae.
1128 1146 1185 1212 Ite

73 1247 255 1331 sperabam
268 1247 351 1323 fore,
366 1252 403 1311 ut
423 1265 489 1310 non
509 1245 609 1310 modo
630 1247 756 1324 multis,
778 1250 837 1331 qui
858 1267 987 1312 omnem
1007 1248 1185 1321 lectionum

73 1346 273 1414 varietatem
305 1354 464 1432 cuperent
492 1353 670 1426 motatum,
705 1351 788 1414 setis
813 1347 967 1428 iacerem,
990 1349 1050 1412 sed
1078 1349 1196 1412 abiis·

75 1450 356 1532 qnoque,qnibus
373 1469 494 1532 magne
518 1451 643 1514 critices
665 1451 785 1534 sylvae,
805 1470 893 1516 eme
915 1455 1188 1532 congestae,purs

75 1549 162 1617 nulli
184 1551 285 1633 plene
305 1552 382 1615 nsui
404 1571 480 1616 esse
501 1552 674 1630 videretur,
697 1555 830 1617 veniam
851 1553 1073 1636 impetrarem,
1096 1548 1189 1634 quod

76 1651 160 1720 huic
173 1653 326 1734 periturae
345 1671 411 1716 non
431 1654 655 1736 pepercissem
667 1653 809 1735 churtae3
830 1659 934 1736 utque
947 1653 1032 1716 adeo
1046 1653 1187 1718 oliorum

78 1753 222 1834 gretiam
235 1753 405 1834 diligentia
425 1759 458 1819 et
481 1753 603 1834 studio,
625 1755 765 1820 eliorum
776 1775 856 1821 vere
877 1774 1007 1818 summe
1025 1755 1187 1820 brevitate

78 1851 163 1918 mihi
178 1855 400 1918 conciliarem.

127 1955 169 2020 In
193 1952 346 2018 codicum
370 1951 457 2020 Mes.
480 1959 515 2018 et
535 1954 714 2020 editionum
735 1956 846 2020 indice
866 1975 920 2020 me
940 1956 1024 2020 viris
1050 1954 1190 2021 eruditis

80 2054 220 2120 minime
234 2053 317 2116 setis
331 2053 464 2132 fecisse,
475 2054 574 2118 facile
588 2055 771 2137 praevideo.
814 2055 1019 2122 Accnmtum
1040 2057 1190 2138 plenum-

83 2175 150 2239 que
172 2155 333 2240 ejusmodi
354 2175 523 2220 recensum
558 2157 720 2221 conficere
740 2157 955 2221 utilissimum
977 2158 1111 2240 quidem
1139 2161 1192 2221 est

84 2255 178 2336 inre
209 2257 336 2334 critice,
358 2255 418 2320 sed
448 2255 677 2324 difficillimum
706 2276 840 2339 quoque
861 2277 903 2321 uc
924 2258 1016 2322 tredii
1039 2259 1192 2341 plenissi-

82 2379 187 2437 mum,
203 2359 237 2424 in
257 2359 373 2442 primis
393 2359 428 2421 in
454 2356 628 2422 Iuvenale.
673 2357 764 2421 Nam
784 2377 850 2421 non
872 2359 948 2439 ipse
969 2358 1069 2422 modo
1086 2357 1192 2441 poete

39 2509 43 2516 -
82 2461 264 2526 innumeris
285 2459 321 2524 in
341 2459 550 2535 membranis,
574 2477 651 2540 quoe
673 2457 801 2539 passim
822 2458 858 2520 in
881 2457 1101 2535 bibliothecis,
1123 2464 1192 2524 tum

83 2561 233 2650 publicis
256 2577 358 2644 quem
378 2560 530 2644 privetis,
557 2561 740 2632 serventur,
767 2555 965 2638 descriptus,
989 2561 1023 2620 et
1054 2563 1194 2642 atypu-

82 2663 257 2747 graphice
281 2661 357 2728 inde
378 2660 457 2724 artis
489 2658 677 2742 primordiis
699 2657 820 2742 quovis
849 2658 915 2720 fere
938 2677 1035 2738 anuo,
1057 2663 1090 2724 et
1110 2677 1193 2722 non-

83 2781 254 2848 nunquam
274 2763 327 2828 bis
341 2769 443 2840 terve,
454 2763 544 2844 typis
558 2779 737 2842 expressus
751 2765 821 2826 est:
844 2759 905 2822 sed
924 2759 1071 2822 nondum
1091 2759 1192 2830 etium

85 2867 252 2933 editorum
273 2865 450 2948 quisquam
471 2864 535 2926 hoc
561 2863 594 2924 in
617 2880 653 2924 se
675 2861 801 2926 lebetis
824 2859 984 2941 suscepit,
998 2863 1036 2923 ut
1058 2859 1131 2923 sive
1151 2857 1192 2922 de

85 2967 246 3036 codicum
266 2965 363 3042 Mes,
378 2985 400 3027 u
420 2983 457 3027 se
483 2965 557 3047 ipsc
577 2963 632 3026 vel
658 2963 700 3024 ab
720 2961 796 3024 aliis
818 2959 1022 3036 collatomm,
1040 2960 1194 3041 quemvis

85 3089 286 3154 peucomrn,
301 3067 407 3152 pretio
430 3069 529 3149 etque
544 3069 641 3129 estete
656 3061 819 3147 judicium
839 3060 959 3125 subtile
973 3060 1080 3136 senet,
1095 3065 1128 3125 et
1140 3061 1195 3128 vel

87 3191 136 3236 ex
152 3189 217 3234 rme
231 3189 359 3234 omnem
380 3169 559 3233 lectionum
573 3165 765 3228 varietatem
778 3166 924 3240 notaret3
946 3161 1018 3225 sive
1032 3161 1195 3226 editiones

88 3271 135 3340 nd
157 3291 238 3336 nsrrs
260 3273 392 3338 critices
411 3275 487 3355 apte
507 3267 718 3344 describeret,
737 3268 896 3329 accurate
920 3261 1075 3338 omnium,
1106 3267 1196 3326 certe

87 3373 300 3455 antiquarum
314 3371 586 3456 optimatumque,
598 3366 847 3450 comparatione
860 3363 1023 3438 institute,
1032 3363 1067 3425 in
1080 3381 1193 3426 eorum

89 3474 224 3544 ordines
254 3478 288 3536 et
316 3473 454 3549 classes,
486 3475 660 3534 stemmata
692 3474 727 3532 et
753 3466 979 3548 cognationes,
1015 3465 1134 3548 stirpes
1161 3468 1196 3528 et

89 3574 238 3652 (emilius
251 3573 306 3638 vel
327 3573 527 3656 propagines
542 3571 676 3634 solerter
696 3569 885 3652 inquireret,
908 3565 1089 3650 quantique
1110 3564 1196 3628 adeo

91 3680 222 3764 qumvis
237 3677 443 3752 aestimanda,
456 3674 575 3759 quidve
590 3693 633 3736 cx
648 3693 690 3736 ee
702 3672 760 3736 vel
773 3671 818 3736 ed
832 3670 944 3747 crisin,
959 3669 1016 3732 vel
1036 3667 1081 3731 ed
1095 3667 1195 3730 inter-

91 3780 314 3862 pretetionem
324 3776 472 3860 praesidii
487 3773 734 3858 expectandum
750 3775 794 3836 sit
808 3778 841 3836 et
853 3769 1042 3855 petendum,
1057 3765 1197 3846 diligen-

93 3885 143 3946 ter
156 3881 383 3948 exemineret:
404 3886 505 3962 utque
519 3879 566 3942 ita
577 3881 688 3940 textus
700 3882 734 3940 et
749 3874 901 3939 lectionis
911 3871 1058 3949 vulgatae
1068 3865 1197 3949 justam

94 4001 197 4066 prope
211 3981 395 4058 historiam,
410 3986 521 4062 etque,
536 3985 572 4042 ut
594 3979 641 4046 ite
655 3977 779 4053 dicum,
794 3971 1021 4058 genealogium
1041 3970 1196 4043 necteret,

95 4088 152 4158 eut
163 4103 210 4148 ex
222 4102 290 4166 qno
304 4081 392 4146 fonte
413 4100 455 4144 eo
468 4081 579 4158 ducta,
596 4095 771 4163 quousque
791 4087 969 4157 progressu
988 4071 1198 4151 essetquun·

96 4185 206 4272 doque
231 4203 364 4251 cursum
389 4187 559 4263 mutasset,
574 4167 843 4266 perscrutaretur.
888 4169 1002 4255 Opera
1025 4169 1198 4244 editorum,
