2817 4792
431 379 503 428 rns
527 377 651 428 susos
674 379 847 431 nroasrs.
1139 373 1184 438 55

73 523 166 590 liano
180 521 264 590 data
277 539 352 588 esse
372 525 565 592 mumma
580 525 782 604 melaria,
801 525 988 612 mulasque
1000 528 1121 613 poitur
1133 551 1184 599 re-

73 625 217 703 citasse,
247 625 281 690 in
305 623 359 688 his
382 643 516 710 quoque
538 625 746 704 iuvenalem,
770 628 1006 712 suspicabatur
1019 629 1183 699 Dodwell.

77 725 164 790 Anu.
181 725 302 806 Quint.
326 725 467 812 §auth
514 726 566 794 ct.
590 728 634 794 ad
657 729 731 796 Sat.
747 747 774 794 1.
788 730 810 795 1
824 749 876 816 sq.
898 737 933 797 et
945 729 1011 799 v‘n.
1025 731 1182 802 leswe.

78 825 276 894 Hadrianus
289 828 468 911 imperavit
485 849 582 916 paene
596 849 701 896 anuos
714 848 803 896 xxi.
816 838 851 897 et
863 833 1025 919 Princeps
1037 835 1101 903 tuit
1114 857 1186 902 om·

78 929 176 994 uibus
201 929 309 1000 litoris
332 929 515 1014 perpolitis
544 931 783 1016 doctorumque
805 933 971 1000 hominnm
999 939 1185 1004 manusn-

77 1049 148 1096 mus
161 1051 169 1110 ;
193 1031 283 1096 uude
295 1032 339 1096 ed
354 1051 428 1100 eum
442 1034 594 1100 videntur
608 1037 781 1118 pertinere,
802 1055 879 1120 quse
894 1037 966 1102 Set.
982 1055 1036 1104 vn
1061 1061 1113 1124 pr.
1137 1043 1185 1107 le-

78 1137 204 1212 guntur,
237 1139 271 1198 et
298 1134 342 1198 ed
366 1135 439 1201 heec
466 1143 630 1219 tempora,
660 1155 738 1221 quaa
767 1137 865 1204 reiert
891 1139 1091 1206 Suetonius:
1115 1164 1185 1209 mos

77 1253 191 1318 magna
206 1232 395 1322 frequentia
425 1258 597 1324 magnoque
621 1260 756 1304 successu
781 1237 829 1302 bis
853 1262 890 1303 ne
915 1249 964 1302 ter
987 1241 1114 1307 nuditer
1143 1257 1185 1310 ert

77 1331 267 1414 Juvenalis,
285 1347 320 1400 ut
344 1359 380 1402 eu
401 1360 533 1426 qnoque,
558 1361 625 1426 que
640 1339 745 1426 prima
756 1337 894 1428 fecerat,
917 1341 1076 1430 inferciret
1100 1348 1187 1412 tenvis

79 1435 220 1519 scriptis.-
244 1461 278 1504 v.
293 1459 322 1505 e.
343 1440 414 1508 Sat.
431 1457 497 1506 vn.
512 1441 625 1511 llll-92.

233 1617 279 1684 A.
292 1617 337 1684 U.
349 1618 388 1684 C.
404 1620 481 1687 872.
525 1619 649 1688 Christi
664 1623 741 1686 119.
784 1621 958 1688 iuvenalis
972 1623 1027 1690 78.

121 1747 221 1814 erio
237 1753 383 1821 Rustico
397 1757 533 1822 consule
556 1763 648 1840 gesta
661 1764 750 1835 sunt,
777 1776 853 1840 quae
879 1756 950 1822 Sat
975 1771 1041 1823 xv.
1070 1717 1185 1828 2782.

79 1863 301 1928 memorantur
314 1857 355 1924 de
370 1857 519 1926 Omhitis
533 1865 567 1926 ot
579 1860 774 1946 Tentyrttis.

238 2031 283 2098 Α.
294 2030 337 2098 U.
350 2032 389 2098 G.
404 2035 479 2102 873.
525 2034 645 2101 Christi
660 2035 736 2100 120.
779 2033 956 2100 iuvenalis
971 2034 1024 2100 79.

122 2161 201 2230 Hoc
216 2185 304 2232 anno
317 2167 492 2234 iuvenalis
507 2169 643 2253 scripsit
663 2167 806 2234 Satiram
821 2183 908 2232 1111.
930 2167 1020 2252 quod
1045 2189 1090 2234 ex
1112 2171 1185 2256 ejus
1261 2147 1264 2153 ¹

83 2280 130 2328 vs.
146 2265 197 2332 16.
214 2273 247 2333 et
263 2269 317 2335 17.
329 2269 529 2354 intelligitur.

243 2442 288 2508 A.
300 2443 343 2510 U.
353 2443 391 2510 C.
403 2445 478 2512 874.
523 2445 645 2512 Christi
660 2448 735 2512 121.
779 2445 956 2511 Juvenalis
967 2444 1021 2510 80.

124 2573 230 2640 Satira
246 2593 312 2642 xv.
327 2577 389 2642 hoc
409 2577 492 2643 forte
506 2599 592 2644 anno
607 2581 742 2664 scripta,
764 2599 830 2645 non
851 2581 1039 2664 superiore3
1062 2579 1192 2648 namsi

86 2677 148 2738 tam
161 2697 277 2744 recens
291 2679 414 2745 suctum
427 2687 527 2761 esset,
543 2683 633 2766 quod
647 2685 679 2746 in
693 2702 736 2747 ea
748 2689 910 2762 narratur,
925 2683 1039 2768 polita,
1056 2683 1185 2768 opinor,

87 2778 197 2846 VSM.
220 2781 415 2864 simpliciter
439 2783 580 2849 dixisset
601 2771 712 2871 nuper,
732 2803 840 2868 neque
864 2783 1045 2869 adjecisset
1064 2782 1185 2848 consule

88 2873 190 2945 ιῙιυιίο.

126 2980 163 3048 si
185 2993 275 3054 recte
298 3007 417 3054 annum
439 2985 483 3052 U.
500 3007 528 3052 e.
543 2989 620 3052 795.
637 2988 780 3054 natalem
803 2965 978 3054 Juieuaiis
991 2985 1185 3065 statuimus,

87 3081 139 3147 ille
161 3087 222 3154 hoe
244 3109 343 3166 anno,
365 3109 433 3174 quo
456 3095 525 3156 tum
550 3090 782 3172 octogenarius
803 3089 876 3169 fuit,
902 3089 937 3154 in
958 3089 1197 3172 suspicionem-

87 3189 179 3267 venit,
194 3193 291 3276 quasi
311 3193 380 3257 Sat.
397 3207 463 3256 vn.
478 3193 522 3258 90
541 3213 592 3277 sq.
616 3201 769 3276 tempora
782 3191 960 3276 presentia
974 3191 1112 3274 figurato
1125 3210 1186 3256 uo·

89 3290 192 3368 asset,
216 3295 385 3361 aestatim
408 3315 465 3378 per
487 3295 642 3360 honorem
664 3293 794 3358 milities
818 3291 911 3356 Urbe
925 3297 1107 3358 summotus
1125 3299 1187 3372 est,

89 3393 128 3464 ot,
147 3395 188 3458 ed
202 3397 433 3478 praefecturam
448 3397 608 3476 cohortis,
632 3398 668 3461 in
689 3396 871 3480 AEgyptum
883 3395 1017 3473 missus,
1031 3395 1089 3461 uhi
1101 3395 1190 3460 iutra

88 3487 309 3562 brevissimum
339 3505 467 3583 tempus
493 3519 613 3582 angore
638 3504 671 3564 et
696 3497 798 3563 tedio
825 3497 937 3580 periit.
995 3495 1063 3560 Sed
1086 3495 1189 3579 polita
1236 3565 1241 3576 ‚

90 3585 163 3658 s0rte
176 3601 329 3666 extremis
348 3601 478 3668 demum
498 3599 665 3667 Hadriani
680 3601 896 3685 temporibus,
918 3618 986 3664 nou
1001 3598 1129 3682 primis,
1151 3597 1187 3660 in

91 3695 215 3763 exilium
239 3709 339 3769 actus
352 3709 415 3781 est,
438 3710 472 3768 et
494 3704 588 3770 initio
610 3703 741 3788 huperti
754 3703 828 3787 ejus
852 3700 1090 3784 sexagenarius
1111 3697 1188 3772 tuit,

92 3795 267 3886 satirasqne
297 3809 425 3868 tantum
450 3823 515 3868 non
537 3823 651 3869 omnes
675 3804 812 3869 etfacit
835 3809 870 3868 et
890 3801 1061 3878 recitavit3
1095 3796 1187 3882 quod

91 3893 190 3962 minus
205 3907 359 3970 convenit
373 3906 592 3988 octogenario.
617 3903 668 3975 Gi.
686 3925 759 3990 sup.
776 3905 820 3970 ad
845 3901 934 3968 aU.
949 3921 978 3968 c.
1002 3899 1078 3966 795.
1123 3896 1188 3963 Ce-

92 3995 186 4064 itmm
207 4005 248 4072 de
270 4006 349 4072 loeo
371 4009 466 4072 exilii
491 4009 677 4091 ambigitur.
723 4005 910 4072 Salmasius
935 4001 1088 4087 putabat,
1111 4019 1188 4064 eum

91 4089 186 4166 luisse
202 4105 335 4186 Sionem
355 4109 412 4176 Jo.
427 4109 574 4175 Malalss
588 4129 668 4175 vero
691 4109 726 4174 iu
749 4105 929 4188 chronogr.
954 4103 996 4170 T.
1013 4121 1039 4168 ι.
1062 4123 1097 4187 p.
1108 4101 1185 4167 841.

94 4197 179 4282 cujus
192 4212 292 4276 verba
314 4211 443 4296 repetiit
465 4211 602 4290 suidas,
627 4205 820 4296 Pentapolis
834 4205 964 4293 libyae,
985 4205 1017 4272 h.
1037 4225 1067 4270 e.
1086 4202 1187 4288 Cyre-
