2817 4792
442 368 685 420 rousnouurr
709 369 849 422 rearis.
1149 356 1193 422 ol

80 515 197 581 Sunt
220 515 306 582 clari
333 515 511 600 hodieque,
544 517 658 600 etqui
684 517 764 582 olim
790 515 1080 596 nominabuntur-²)
1108 517 1195 586 Tres

66 619 223 701 pueros,
257 617 427 684 Auruncae
449 629 557 698 natos,
579 641 656 704 quoe
680 619 803 685 Lucilii
829 639 963 705 qnoque
984 621 1097 706 patria
1117 619 1195 699 fnit,

83 728 248 788 memorat
262 727 358 786 vetus
373 722 577 788 scholiastes
591 721 765 788 iuvenalis
777 722 821 786 ad
836 724 907 787 Sat.
924 741 948 786 r.
964 725 1019 787 20.
1040 725 1098 788 ubi
1118 724 1195 790 brec

82 825 233 890 notavit.
266 823 458 890 ‘Turnum
484 827 566 892 dicit
598 825 730 892 Scaavoe
755 825 915 890 Memoris
936 828 1055 909 magici
1082 825 1196 910 poete

83 927 230 1004 fratrem,
254 928 314 1011 qui
328 927 472 1010 libertini
485 929 612 1010 generis
636 928 678 992 ad
701 928 842 992 honores
858 929 1037 993 ambitione
1057 947 1196 1011 provec-
1269 950 1273 958 ’

84 1034 139 1094 tus
154 1035 220 1106 est,
243 1036 361 1112 potens
383 1033 417 1094 in
441 1031 520 1096 aula
539 1028 826 1113 Vespasianorum
842 1030 911 1095 'liti
931 1039 965 1096 et
987 1032 1195 1096 Domitiani:

83 1131 138 1196 vel
153 1131 312 1196 Lnsruu
327 1133 420 1211 dicit,
443 1135 501 1218 qui
515 1141 548 1198 et
566 1135 640 1218 ipse
656 1133 785 1198 Satiras
799 1135 950 1220 scripmt3
972 1137 1027 1200 rel
1041 1135 1196 1211 Srurorr,

82 1241 118 1298 et
132 1235 249 1316 ipsum
275 1239 327 1300 sui
352 1238 512 1320 temporis
527 1238 717 1302 Satiricum.
763 1236 832 1315 Qui
845 1257 961 1303 omnes
977 1259 1022 1303 ex
1036 1238 1196 1304 Aurunca

83 1335 238 1402 luerunt?
279 1334 394 1400 Leuior
411 1345 444 1404 et
461 1337 570 1417 Silina,
593 1337 684 1422 quod
700 1340 818 1415 sciam,
841 1359 907 1404 uon
920 1341 997 1405 aliis
1010 1339 1199 1419 laudantur,

81 1440 150 1502 nisi
164 1441 279 1522 potius
292 1441 342 1506 illi
357 1461 476 1506 nomen
490 1441 554 1506 suit
570 1437 694 1516 Leuso,
715 1444 758 1508 de
772 1461 840 1525 quo
853 1462 956 1526 supra
969 1443 1051 1521 dixi,
1071 1447 1108 1507 et
1118 1443 1196 1508 buic

83 1561 275 1623 cognomen
290 1539 387 1607 Bono
401 1545 455 1609 vel
472 1541 599 1631 Sparso,
627 1547 685 1630 qui
710 1545 856 1608 rhetores
880 1545 982 1610 suere.
1006 1547 1055 1631 (v.
1079 1546 1197 1610 Senec.

83 1641 247 1710 Controv.
264 1652 526 1728 111.rr.etv11.)
564 1645 666 1712 Turni
689 1655 800 1713 autem
826 1647 955 1713 Satires
979 1649 1196 1733 amplissimis

83 1747 200 1810 verbis
229 1754 347 1813 ornant
369 1749 518 1816 Martial.
545 1770 611 1816 vu.
631 1753 686 1818 97.
713 1770 769 1817 xi.
784 1753 838 1816 10.
871 1751 977 1816 Rutii.
991 1754 1025 1815 in
1041 1751 1153 1816 itiner.
1170 1768 1196 1816 r.

83 1847 165 1914 600.
188 1859 224 1915 et
248 1850 363 1918 Sidon.
379 1852 526 1936 Apellis.
543 1853 655 1918 Carm.
677 1871 733 1920 rx.
759 1859 913 1918 excusat.
927 1855 971 1918 ad
987 1854 1133 1918 Felicem
1147 1871 1199 1918 rs.

84 1952 164 2018 267.
187 1952 286 2018 Conf.
301 1953 506 2020 Wemsdors.
523 1957 564 2021 P.
579 1959 617 2021 L.
634 1957 685 2022 M.
702 1957 779 2022 Vol.
796 1974 853 2022 ur.
868 1976 902 2040 p.
917 1957 972 2023 ab.
988 1977 1040 2039 sq.
1060 1956 1199 2040 quinon
1283 1987 1287 1995 ·

84 2059 183 2121 vanis
209 2057 395 2122 rationibus
419 2058 539 2122 ductus
564 2061 766 2143 suspicatur,
798 2080 874 2124 eum
898 2064 1066 2124 auctorem
1095 2057 1199 2123 fuisse

86 2156 210 2223 Sntirae
226 2161 384 2243 prolixae,
407 2180 483 2244 qnae
504 2159 648 2224 Neronis
663 2161 747 2225 vitia
770 2161 959 2245 sceleraque
979 2162 1092 2226 omnia
1115 2159 1199 2223 libe-

85 2260 158 2326 rius
170 2267 205 2326 et
217 2263 316 2345 longo
329 2263 444 2328 ordine
457 2281 629 2328 enarrasse
643 2264 784 2342 videtur,
806 2270 841 2329 et
854 2267 951 2349 cujus
963 2263 1197 2345 fragmentum,

89 2378 193 2428 xxx.
208 2385 325 2430 versus
345 2367 584 2450 complectens,
608 2385 653 2430 ex
676 2365 718 2430 P.
738 2365 895 2430 Bormam.
913 2365 1047 2428 Antbol·
1063 2365 1140 2427 Lat.
1157 2363 1202 2427 T.

88 2481 130 2529 rr.
143 2487 179 2551 p.
194 2467 271 2531 645.
287 2467 342 2532 ille
359 2487 435 2532 cnm
448 2469 537 2532 notis
550 2467 701 2532 exhibuit
713 2465 796 2529 ibid.
810 2485 845 2549 p.
858 2468 914 2531 77.
926 2485 996 2549 seq.
1019 2463 1201 2530 Exeadem

87 2569 143 2632 vel
161 2570 231 2634 alia
257 2569 361 2635 Turni
386 2571 489 2635 satira
509 2573 603 2654 petiti
618 2570 685 2634 duo
702 2587 830 2647 versus,
851 2569 910 2653 qui
924 2568 1106 2634 admodum
1127 2586 1202 2633 cor·

87 2677 186 2756 rupte
211 2672 366 2755 leguntur
384 2673 420 2736 iu
439 2676 520 2737 vell.
537 2671 681 2736 Soboliis
706 2670 828 2735 Juven.
848 2671 892 2736 ad
914 2671 984 2736 Sat.
1002 2689 1027 2735 r.
1041 2672 1098 2736 71.
1120 2669 1202 2736 ‘Es

88 2793 159 2858 qua
185 2773 365 2840 Caesareas
389 2775 523 2840 soboles
547 2773 682 2840 horrida
710 2773 860 2839 musta
884 2773 1017 2839 Occidit
1040 2793 1123 2838 cura
1145 2772 1201 2837 rui

86 2897 194 2944 rema
214 2885 294 2944 nota
317 2877 487 2942 Neronis!
530 2877 628 2956 Quos
655 2878 749 2942 varie
771 2877 985 2942 emendarunt
1006 2877 1070 2942 riri
1093 2875 1201 2940 docti:

88 2980 316 3047 Casaubonus
331 2982 373 3060 de
388 2981 460 3046 Sat.
478 2979 580 3045 Rom.
594 3000 629 3063 p.
643 2979 720 3046 231.
744 2977 822 3042 ‘Ex
846 2998 914 3062 qno
935 2976 975 3041 C.
990 2997 1017 3041 s.
1033 2977 1203 3043 homicida
1339 3015 1357 3028 ·

87 3083 128 3149 L
144 3082 295 3162 Occidit,
316 3103 474 3169 curaeque
497 3083 615 3148 veneni
639 3081 777 3148 minoia
791 3079 918 3146 Neroni
938 3087 991 3145 est
998 3078 1019 3162 ;'
1045 3079 1202 3146 Bartbius

87 3186 233 3253 Advers.
251 3203 362 3252 xxiv.
377 3188 431 3253 ll.
448 3192 458 3221 ‘
473 3185 591 3252 Circes
604 3185 639 3250 vi
653 3205 763 3250 vernoe
774 3189 853 3247 nota
863 3182 1011 3261 Neroni,’
1031 3183 1086 3248 vel
1099 3187 1109 3216 ‘
1122 3201 1203 3246 curn

87 3291 222 3356 vivaria
247 3291 294 3378 [h.
306 3311 335 3355 e.
349 3287 480 3375 praedia
494 3311 516 3354 a
535 3287 671 3355 Nerone
685 3284 823 3366 donata]
843 3293 944 3351 nacta
957 3284 1101 3350 Neronis
1108 3283 1131 3366 ς’
1149 3285 1202 3350 vir

86 3394 212 3460 doctus
235 3393 271 3456 in
297 3392 441 3457 Miscell.
467 3391 567 3457 Obss.
590 3391 632 3455 T.
650 3409 683 3452 v.
699 3410 735 3474 p.
749 3389 828 3454 264.
850 3389 926 3454 coll.
941 3387 1034 3454 Suet.
1051 3385 1132 3453 Ner.
1146 3385 1201 3451 83.

87 3496 160 3562 ‘H
190 3514 258 3580 qno
287 3493 479 3561 Caesaream
511 3494 660 3558 sobolem
689 3491 842 3556 Locusta
877 3489 1001 3556 cecidit
1041 3487 1203 3565 Horrida,

87 3599 183 3666 ooede
203 3599 277 3662 sois
294 3617 403 3664 vernae
423 3597 495 3680 jam
518 3601 598 3660 nota
622 3593 750 3659 Neroni
759 3591 779 3674 ;’
807 3589 1015 3656 Wernsdorf.
1029 3591 1052 3654 l.
1062 3591 1085 3653 l.
1096 3609 1132 3671 p.
1145 3587 1201 3653 82.

88 3707 99 3736 ‘
116 3701 170 3767 Ex
186 3719 257 3784 quo
272 3698 310 3764 C.
327 3720 354 3766 s.
369 3699 534 3764 horrenda
547 3697 696 3763 Locusta
709 3695 858 3773 Occidit,
875 3693 972 3758 Circe
986 3693 1071 3756 inter
1084 3707 1202 3773 vernas

86 3809 168 3870 uota
182 3801 353 3880 Neronis,'
372 3804 428 3867 rel
451 3805 461 3836 ‘
477 3819 597 3866 curans
613 3801 698 3865 saevi
711 3800 783 3864 iera
796 3803 877 3864 vota
891 3792 1057 3860 Neronis!

131 3905 318 3972 Sonrrcra
344 3923 375 3968 s.
403 3903 601 3981 suerrum,
633 3901 750 3966 Caleni
773 3919 875 3978 uxor,
905 3901 1027 3979 praeter
1055 3894 1204 3961 carmina

90 4007 256 4076 marona
268 4005 423 4085 Satiram,
445 4006 487 4072 de
501 4009 657 4088 corrupto
670 4001 879 4086 reipublicae
895 4001 986 4062 sam
999 3998 1203 4081 temporibus

91 4109 291 4188 Domitiani,
313 4113 391 4174 tnnc
405 4108 553 4193 mripsit,
577 4127 655 4173 cnm
669 4111 830 4188 tyrannus
849 4100 907 4168 ille
924 4098 1035 4165 edicto
1054 4099 1203 4186 pbiloso-

88 4209 494 4298 pberrbeexpulisret
538 4209 592 4278 lia
616 4206 855 4284 adbwextet,
885 4205 921 4272 et
947 4203 1062 4270 multis
1087 4219 1239 4268 exem.
