2817 4792
514 381 739 431 tuvruunrs.
1129 369 1176 436 27

52 521 177 590 tenuia
201 523 407 608 trisyllabum
429 523 595 602 Lucretio,
615 525 770 610 Virptic,
788 524 945 592 Martiali.
985 525 1028 595 Q.
1044 525 1176 594 tunium

53 622 240 691 Raeticum
263 627 426 709 intelligit,
451 628 510 710 qui
536 626 659 693 Coueul
684 629 750 694 suit
771 650 848 694 cum
871 629 1049 695 Hadriano
1067 633 1177 697 ‚tertio

53 729 143 811 ejus
159 729 289 812 imperii
305 749 404 809 enno,
420 731 513 794 urbis
535 735 645 800 autem
663 731 809 800 condite
827 749 1049 798 nocenxxu.
1064 735 1178 817 itaque

54 829 270 914 paulopost
282 831 487 896 cumulatim
501 830 525 895 J
526 833 594 896 unii
610 835 737 917 scripta
750 835 810 899 illa
824 835 946 899 Satira.
983 835 1047 899 Vir
1059 835 1178 900 docus

59 939 169 1008 errat,
192 934 249 1016 qui
274 932 318 997 ad
340 933 549 998 consiliatum
572 931 680 1017 Appii
705 934 798 999 Jonii
823 935 939 1000 Sabini
961 936 1036 1002 baec
1059 937 1178 1001 teserre

58 1034 229 1111 malebat,
244 1054 330 1098 enno
345 1033 389 1098 U.
404 1033 445 1099 C.
464 1051 716 1100 ccccxxxvii.
733 1057 799 1120 quo
823 1038 855 1100 is
875 1037 1003 1120 collega
1024 1037 1088 1102 init
1108 1037 1179 1102 Do-

60 1135 214 1200 mitiani.
262 1135 393 1200 Etenim
417 1137 567 1202 extincto
586 1137 658 1220 jam
674 1138 869 1201 Domitiano
882 1138 1179 1202 omuesbae·Sati·

59 1256 121 1300 res
148 1238 296 1320 scriptas
321 1237 434 1317 luisse,
461 1239 548 1321 ipsae
569 1239 611 1304 dc
633 1259 669 1304 ee
690 1241 778 1304 clarc
802 1239 958 1316 clamant,
977 1240 1090 1303 etalii
1105 1241 1178 1325 jam

60 1339 264 1420 probarunt.
308 1340 536 1405 'liedecimam
557 1361 690 1426 quoque
719 1343 784 1405 eub
806 1340 896 1404 idem
920 1340 1022 1404 terme
1048 1346 1179 1424 tempor

60 1444 295 1524 compositam
318 1444 397 1525 ipsa
421 1442 518 1506 dicet.
563 1442 618 1507 Ad
642 1442 819 1507 Calvinum
842 1443 970 1508 directa
994 1449 1055 1520 est,
1080 1459 1178 1526 quem

64 1539 201 1604 Fonteio
212 1545 347 1607 consule
357 1549 472 1608 natum
488 1546 659 1626 sexaginta
668 1545 740 1629 jem
751 1563 857 1609 annos
869 1552 947 1628 poet
957 1565 995 1609 se
1004 1545 1179 1628 reliquisse

59 1641 218 1708 disertim
233 1645 355 1710 scribit.
398 1645 479 1709 Duo
493 1651 621 1710 tantum
636 1653 713 1710 eunt
730 1642 850 1707 Fonteii
863 1647 1028 1724 eonsules,
1044 1646 1102 1729 qui
1122 1646 1177 1710 hic

63 1746 181 1811 locum
206 1747 325 1810 babere
346 1748 487 1831 possint.
533 1747 631 1812 Prior
659 1744 698 1810 C.
717 1744 864 1812 Fonteiae
889 1744 1015 1832 Capito,
1031 1749 1089 1831 qui
1110 1747 1179 1812 col·

64 1848 142 1930 lega
159 1846 319 1933 Vipsanii
331 1849 394 1913 fuit
408 1848 452 1914 ad
465 1868 495 1912 e.
512 1847 556 1912 U.
573 1845 612 1912 C.
628 1863 795 1912 ncccxu.
811 1869 834 1914 a
848 1849 947 1933 eujus
960 1850 1133 1914 consulatu
1148 1849 1179 1912 oi

65 1951 250 2032 sexaginta
273 1969 377 2014 annos
399 1969 559 2027 numeres,
580 1951 615 2014 in
636 1967 753 2015 annum
772 1950 913 2028 incides,
927 1950 985 2033 qui
1005 1948 1181 2033 praeccaeit

66 2049 163 2116 Junii
190 2053 409 2118 consulatum.
454 2051 521 2116 Sed
536 2053 619 2117 dicit
639 2053 711 2134 jum
729 2072 806 2116 eum
831 2049 989 2136 reliquiae
1006 2059 1074 2136 port
1090 2060 1178 2135 tergo

68 2153 251 2233 sexaginte
265 2172 385 2218 annos:
400 2173 478 2235 ergo
493 2171 560 2217 uno
574 2153 650 2236 plns
668 2171 753 2216 enno
764 2151 930 2217 babuerit:
949 2151 1038 2234 quod
1051 2156 1181 2234 tempus

8 2305 9 2308 ,
68 2253 190 2318 incidit
212 2255 247 2316 in
269 2255 380 2338 ipsum
404 2254 496 2319 iunii
519 2257 738 2330 consulatum,
754 2273 823 2338 quo
845 2261 880 2319 et
898 2255 1057 2336 scriptam
1076 2251 1181 2315 fuisse

70 2359 204 2419 constat
218 2353 289 2419 Sat.
303 2371 391 2418 x111.
404 2360 436 2419 et
450 2356 507 2419 ille
520 2357 554 2418 in
564 2356 711 2439 AEgypto
724 2354 889 2418 accidisse
900 2355 984 2417 inter
995 2351 1182 2435 Tentyritae

72 2456 372 2541 contritaeque
385 2457 456 2522 Sat.
468 2474 535 2521 xv.
544 2463 716 2520 nananuir
726 2462 885 2538 tanquam
897 2473 995 2536 nuper
1001 2463 1102 2538 gesto,
1111 2473 1183 2514 eorr-

71 2558 136 2620 oute
151 2558 229 2624 scil.
243 2555 364 2634 Junio,·
380 2565 416 2623 nt
427 2560 503 2624 hinc
518 2559 657 2642 liqueat,
676 2573 762 2621 x111.
780 2557 1002 2641 compositam
1022 2556 1087 2620 sub
1100 2573 1181 2620 con-

74 2662 220 2724 sulatum
240 2660 262 2725 J
265 2663 346 2738 unii,
364 2677 428 2724 xv.
445 2666 556 2724 autem
570 2660 672 2743 peulo
685 2664 767 2743 poet
787 2657 933 2743 ejusdem
956 2657 1180 2721 consulatum.

74 2761 128 2826 De
137 2765 249 2846 priore
263 2763 363 2845 igitur
372 2761 437 2826 boc
452 2760 592 2826 Fonteio
603 2759 625 2824 J
627 2759 802 2826 uveunlem
809 2761 1067 2841 interpretamur.
1087 2756 1182 2821 Alter

73 2865 135 2928 init
161 2861 204 2926 L.
220 2859 365 2927 Fonteius
389 2860 515 2946 Cupito,
541 2863 600 2946 qui
626 2861 788 2942 collegam
810 2861 927 2924 babuit
949 2860 985 2922 in
1007 2859 1183 2926 consulatu

77 2965 115 3030 C.
128 2966 262 3032 Iulium
278 2965 405 3030 Rufum
418 2972 540 3031 octavo
558 2983 644 3028 anno
661 2966 741 3045 post
760 2961 799 3025 C.
817 2961 945 3026 Fonteii
964 2961 1179 3026 consulatum

77 3063 264 3134 Exhisnos
276 3072 443 3133 certumet
451 3071 656 3148 compertum
664 3063 837 3142 babemus,
847 3069 987 3146 quatuor
995 3068 1182 3146 postremae

76 3167 252 3234 iuvenalis
271 3169 398 3234 Satires
416 3167 511 3232 initio
532 3167 661 3250 imperii
684 3165 851 3230 Hadriani
870 3163 1182 3240 contemnuere,

78 3267 221 3352 reliquus
235 3272 361 3336 fortean
383 3270 445 3334 sub
459 3269 616 3354 Tiejano,
631 3266 813 3350 certe'pcst
832 3274 968 3331 mortem
987 3263 1182 3329 Domitiani.

80 3365 153 3434 Nec
169 3374 308 3437 dubium
322 3373 428 3436 habeo
442 3371 525 3456 quin
538 3369 720 3454 'l'rajenum
734 3367 883 3451 designet
896 3367 967 3433 Sat.
982 3381 1049 3430 vn.
1066 3385 1117 3448 pr.

110 3593 116 3606 ,
237 3527 281 3592 Et
297 3551 360 3617 sper
374 3539 403 3594 tt
418 3527 501 3592 ratio
515 3524 687 3590 studiorum
703 3525 737 3588 in
754 3523 1024 3603 coarctantem,

84 3671 244 3742 Neronem
265 3677 330 3741 boc
352 3697 452 3742 versu
466 3678 598 3762 palpari
618 3665 709 3741 notat
723 3682 819 3741 vetus
838 3678 1006 3759 interpreo.
1048 3673 1182 3754 lneptet

84 3790 139 3839 uec
154 3783 264 3864 aptius
279 3785 341 3856 est,
357 3779 449 3863 quod
463 3781 498 3844 in
513 3779 630 3843 eedem
646 3779 757 3843 Satira
771 3797 904 3842 versum
918 3778 1016 3853 hunc,

230 3929 400 4015 Profectus
418 3928 660 4016 Pelopeosocit,
679 3925 858 3991 Philomela
876 3925 1039 4002 Tribunos,

87 4061 124 4123 de
152 4063 281 4132 Nerone
304 4069 439 4152 accipit,
464 4076 498 4132 et
524 4074 657 4152 propter
677 4066 767 4129 buno
791 4081 923 4128 versum
945 4063 978 4125 in
1000 4062 1139 4126 exilitum
1160 4079 1182 4124 a

87 4157 213 4234 Nerone
241 4171 382 4234 miesum
411 4169 545 4253 poetam
575 4167 701 4232 scribit.
757 4161 866 4246 Atqui
894 4163 1027 4229 tradunt
1057 4162 1183 4228 eaedem
