2817 4792
243 353 285 422 18
686 366 894 418 raarnrro.

241 511 381 590 Herclli,
398 509 582 588 Schraderi,
596 514 629 574 et
647 507 809 576 Wilholii.
854 507 978 578 Nullus
995 513 1106 576 autem
1113 510 1251 589 dubito,
1267 512 1358 596 quin

239 633 305 680 nou
318 615 418 680 modo
438 614 552 678 harum
562 617 730 678 'numerus
742 621 777 678 et
789 613 891 698 eopia
912 611 1091 678 admodum
1114 614 1231 694 angeri
1245 618 1358 697 queat

240 717 285 782 ab
299 716 356 800 iis,
368 715 488 800 quibus
501 714 618 798 majpr,
641 734 743 810 quam
762 717 855 793 milri,
882 709 1035 799 supellex'
1048 716 1093 778 sit
1105 715 1257 791 libraria,
1289 715 1358 778 sed

239 817 350 894 etiam,
365 817 394 880 si
408 817 484 898 quis
498 817 623 880 criticae
647 817 729 879 artis
750 817 890 899 periura,
908 822 942 881 et
965 821 1035 880 tam
1060 815 1227 880 subsidiis
1251 816 1357 898 large

239 920 430 995 instructus,
444 936 544 998 quam
557 917 687 999 ingenio
700 916 836 1000 poetico
857 917 1063 1001 judicioque,
1078 918 1219 982 assidua
1239 917 1357 984 Juve-

238 1017 579 1104 nali's'poiitarumque
594 1017 966 1087 satincommlectione,
980 1015 1121 1082 formato
1145 1023 1249 1101 atque
1269 1022 1354 1086 soh-

238 1129 327 1199 acto,
344 1126 489 1198 umatus,
510 1119 638 1184 Satires
663 1119 725 1200 has
738 1121 837 1184 noris
851 1121 941 1184 curis
954 1116 1175 1201 ¹rrrustigandas
1197 1122 1352 1204 suscipi·

239 1230 286 1302 at,
300 1223 416 1308 n'eque,
438 1226 476 1286 ut
489 1241 561 1304 ego,
574 1239 695 1303 operas
710 1224 840 1286 tantum
853 1220 1050 1286 subsecivas
1062 1224 1097 1304 et
1108 1221 1351 1286 tumultuarias

238 1325 317 1390 huic
327 1325 458 1408 negotio
474 1320 663 1406 impendere
679 1327 828 1404 cogatur,
842 1322 903 1386 aed
921 1327 1083 1406 quantum
1098 1321 1181 1386 satis
1203 1329 1260 1387 est
1287 1325 1350 1388 etii

237 1427 370 1504 habeat,
384 1427 478 1508 larga
501 1423 607 1492 adhuc
631 1421 742 1488 laudis
766 1424 1001 1508 comparandae
1025 1423 1146 1488 messis
1163 1424 1197 1488 ei
1219 1443 1350 1508 propo-

240 1527 306 1591 sita
323 1527 379 1590 sit.
764 1538 768 1543 ·
881 1563 891 1584 .

284 1625 369 1692 Cum
387 1627 422 1692 in
445 1645 486 1692 eo
512 1626 578 1692 iero
600 1629 826 1712 acquieverint
858 1626 1054 1712 interpretes
1082 1626 1280 1706 Juvenalis,
1310 1633 1348 1691 nt

238 1731 340 1792 notas
378 1728 503 1810 passim
533 1733 751 1811 aspergerent,
791 1748 870 1812 qum
906 1730 1096 1812 saepissime
1123 1731 1157 1794 in
1186 1729 1232 1792 iis
1258 1729 1345 1811 ipsis

235 1829 332 1906 locis,
357 1828 414 1912 qui
436 1827 635 1892 desiderium
658 1829 756 1894 uobis
778 1829 876 1893 alieni
901 1829 1030 1895 faciant
1057 1828 1279 1911 auxillium
1305 1849 1345 1892 eo

239 1929 459 1994 destituuntet
474 1947 566 2011 spem
581 1930 714 2012 penitus
734 1929 860 2007 fallunt,
885 1932 920 1994 in
944 1931 1022 1994 aliis
1045 1933 1137 2007 iero,
1161 1930 1197 1992 in
1218 1930 1343 2012 quibus

237 2049 334 2094 nemo
349 2049 461 2094 earum
475 2049 573 2113 opem
588 2031 761 2109 desideret,
776 2031 839 2095 ,ad
852 2033 1021 2097 fastidium
1046 2033 1197 2115 copiosae
1219 2037 1301 2096 mnt
1311 2037 1344 2094 et

236 2129 367 2196 doctae:
387 2131 439 2196 his
464 2132 585 2197 tinibus
611 2134 883 2216 qualemcumque
909 2152 1043 2217 operum
1066 2151 1176 2197 meam
1201 2133 1342 2198 cucum-

237 2234 341 2299 scribi
367 2232 453 2298 haud
475 2251 607 2315 passus,
639 2233 699 2296 sod
728 2235 899 2315 perpetuis
923 2234 1059 2317 poetam
1094 2234 1339 2299 commentariis

234 2335 397 2400 illustrare
419 2341 565 2400 conatus
588 2354 673 2400 sum.
718 2333 909 2417 Unicuique
940 2335 1060 2400 Satira
1082 2335 1167 2398 satis
1191 2335 1339 2417 amplum

237 2437 385 2518 praemisi
400 2435 650 2518 Argumentum,
668 2442 723 2513 ut,
742 2457 819 2520 quae
834 2455 966 2501 summa
976 2437 1050 2521 ejus
1063 2442 1124 2512 est,
1140 2435 1199 2519 qui
1212 2441 1337 2500 senten-

235 2538 356 2601 tiorum
369 2537 450 2600 ordo
465 2541 497 2598 et
518 2555 636 2611 nexus,
652 2535 826 2599 confestim
840 2538 875 2599 in
889 2537 1006 2601 oculos
1022 2538 1214 2612 incurreret,
1234 2555 1337 2620 neque

236 2655 325 2719 opus
339 2635 504 2713 haberem,
528 2635 658 2716 quotics
684 2633 706 2698 J
709 2636 857 2700 urenalis
876 2635 921 2700 ad
943 2637 1011 2701 elia
1022 2637 1287 2721 progrederetur,
1304 2639 1335 2702 in

234 2739 323 2802 notis
344 2737 381 2800 id
403 2734 559 2800 indicare.
606 2733 644 2802 In
669 2733 911 2802 Commentario
941 2736 1006 2802 hoc
1035 2741 1248 2822 potissimum
1270 2740 1333 2821 egi,
1386 2790 1387 2801 ,

234 2841 282 2917 ut,
297 2855 517 2922 quaecumque
536 2836 682 2902 nondum
697 2837 740 2900 ab
755 2837 831 2901 aliis
841 2844 909 2906 aut
921 2846 1021 2917 recte,
1035 2847 1093 2906 aut
1105 2842 1189 2906 satis
1211 2841 1334 2925 perspi·
1385 2894 1386 2901 ,

233 2957 300 3002 cue
314 2933 468 3022 exposita
486 2942 607 3014 essent,
631 2957 691 3020 pro
706 2937 863 3004 facultate
877 2961 952 3005 mee
968 2943 1172 3006 accuratius.
1182 2943 1333 3009 enuclea·
1384 2982 1385 2999 η

236 3057 315 3116 rem,
341 3059 402 3102 uec
422 3039 599 3123 quicquam
624 3039 864 3123 inexplicatum
883 3043 1113 3125 relinquerem,
1133 3045 1255 3127 inquo
1267 3044 1332 3110 llae·
1383 3080 1384 3099 κ

234 3159 306 3204 rere
320 3146 456 3224 possent
478 3141 514 3218 ii,
530 3142 586 3224 qui
609 3143 652 3206 ad
677 3141 699 3206 J
702 3145 873 3207 nvenalem
885 3143 1061 3225 legendum
1075 3145 1329 3222 admitterentur,
1382 3172 1383 3175 ¹

232 3243 299 3308 hoc
315 3253 378 3320 est,
388 3239 461 3324 jam
481 3243 685 3326 aliquantum
699 3246 735 3310 in
747 3246 811 3310 hoc
825 3245 994 3309 literarum
1018 3265 1135 3330 genere
1157 3249 1280 3320 versati
1301 3253 1331 3310 et
1381 3278 1382 3297 κ

232 3343 397 3426 provecti,
433 3363 540 3427 neque
577 3347 684 3412 tamen
722 3346 852 3410 emditi.
920 3345 1030 3430 Atque
1064 3350 1099 3410 in
1135 3348 1330 3412 obscuriori·
1380 3376 1381 3395 κ

229 3444 299 3507 ,bus
321 3441 406 3507 locis
435 3463 509 3508 eam
543 3444 610 3509 fera
641 3447 801 3511 rationem
829 3450 966 3510 secutus
994 3465 1079 3524 sum,
1113 3453 1153 3512 ut
1185 3454 1221 3512 et
1249 3451 1327 3533 ipse,
1379 3478 1380 3495 κ

234 3545 401 3631 quomodo
431 3544 539 3609 nodus
564 3546 715 3629 expediri
737 3546 855 3629 possit,
889 3546 1107 3626 ostenderem,
1138 3553 1172 3611 et
1192 3549 1327 3616 aliorum
1378 3560 1379 3593 l

233 3648 332 3714 simul
360 3647 600 3730 explicationes
629 3649 725 3730 panc
767 3667 881 3712 omues
916 3649 1142 3714 submitterem
1177 3649 1327 3716 lectorum
1377 3648 1378 3693 l

229 3751 371 3835 judicio,
407 3753 528 3837 quibus
563 3753 642 3815 suas
670 3753 781 3818 ubivis
821 3755 1013 3831 sententiaa
1050 3759 1207 3836 tanquam
1235 3757 1325 3820 unice
1376 3740 1377 3793 l

235 3869 343 3932 veras,
368 3853 544 3920 obtrudere
581 3853 676 3930 velle,
703 3873 832 3936 magnae
871 3855 1019 3937 proiecto
1047 3853 1242 3937 arrogantiae
1269 3862 1324 3922 est
1375 3836 1376 3891 ¹

227 3951 276 4017 -In
305 3957 491 4020 universum
524 3957 615 4034 uero,
640 3957 730 4020 etin
755 3949 967 4037 Argumentis
998 3957 1194 4033 Satirarum,
1230 3964 1264 4023 et
1294 3959 1323 4022 in
1374 3910 1375 3991 d

234 4053 489 4135 Commentario,
519 4057 553 4122 id
585 4075 721 4141 operam
760 4056 850 4138 dedi,
886 4065 925 4121 ut
959 4077 1028 4123 non
1062 4058 1162 4122 modo
1197 4059 1320 4142 potitam

234 4156 445 4242 grammatice
478 4159 707 4243 interpretarer
739 4165 774 4226 et
810 4179 855 4236 ex
891 4160 1033 4226 historia
1053 4158 1191 4228 iliorum
1204 4164 1318 4248 tempo
