2817 4792
228 357 275 426 aa
668 373 719 426 nn
746 371 887 428 sarran

229 519 279 582 ita
302 517 353 582 his
379 515 579 601 Autolycum
602 519 637 580 et
660 516 798 584 Busirin
819 517 1071 602 adscripsisse-⁷)
1118 519 1221 586 Cous.
1233 529 1337 588 tamen

228 623 379 682 extrem
392 617 490 700 hujus
504 614 818 682 Commentrerba.

277 714 405 782 Praeter
417 718 488 796 illa,
501 737 577 801 quae
587 719 731 783 breviter
743 722 938 799 memoravi,
950 723 1098 786 carmina
1108 720 1336 788 Romanorulm

230 818 408 894 maledica,
434 821 535 883 etiam
558 817 693 882 inarbica
706 827 736 867 ²4
767 823 811 886 ab
835 823 880 886 iis
903 822 1101 888 Graecorum
1122 826 1283 907 exemplo
1305 830 1339 886 et

233 921 418 986 imitatione
443 922 581 1002 scripta,
605 921 665 984 sed
687 941 765 986 sero
787 921 931 1000 demum,
954 924 1020 988 etsi
1045 926 1118 1008 jam
1144 944 1167 988 a
1193 924 1337 1000 Catullo,

235 1021 412 1100 Bibaculo,
427 1027 461 1087 et
477 1021 553 1085 aliis
568 1027 643 1086 aute
660 1021 851 1100 Horatium,
867 1022 925 1104 qui
936 1027 1044 1091 tamen
1058 1025 1189 1088 illorum
1202 1026 1339 1088 nomina

232 1123 436 1206 gloriamque
460 1123 661 1199 obscuravit,
678 1127 712 1186 ct
730 1122 807 1185 hinc
826 1122 985 1203 gloriatur
1000 1125 1034 1186 in
1050 1123 1158 1206 Epist.
1180 1141 1207 1187 1.
1222 1126 1279 1190 19.
1296 1125 1338 1188 23

231 1225 354 1290 -34‘
370 1223 490 1288 Parios
511 1243 573 1304 ego
588 1222 716 1306 primus
733 1221 870 1286 lambos
885 1221 1027 1288 Ostendi
1041 1223 1153 1300 Latio,
1178 1225 1232 1306 [in
1247 1225 1338 1308 Epo

233 1326 286 1390 dis
296 1331 330 1390 et
353 1323 437 1389 Odis
466 1323 667 1406 quibusdam
687 1323 949 1404 contumeliosis]
974 1343 1130 1388 numeros
1144 1327 1338 1410 animosque

233 1433 367 1492 secutus
388 1423 590 1500 Archilochi,
619 1442 686 1488 nou
711 1441 765 1487 res
790 1429 824 1488 et
843 1426 976 1505 mentia
1000 1425 1104 1490 verba
1127 1425 1339 1508 Lycamben,’

234 1534 296 1593 cet.
320 1525 418 1590 Cous.
436 1526 555 1590 Horat.
571 1522 636 1590 Od.
654 1540 711 1588 ιιι.
731 1525 787 1589 30.
803 1525 859 1590 13.
882 1525 937 1588 14.
959 1525 1113 1608 Propert.
1135 1543 1193 1590 ιιι.
1206 1526 1241 1590 1.
1256 1527 1290 1591 3.
1304 1530 1337 1590 l.

234 1633 267 1694 et
292 1629 335 1692 ad
360 1626 415 1690 hh.
439 1627 474 1691 ll.
498 1625 611 1708 Iutpp.
651 1624 874 1702 Quintilianus
896 1623 997 1708 (Inst.
1023 1623 1082 1690 Or.
1108 1642 1149 1689 x.
1165 1627 1198 1690 1.
1224 1627 1244 1710 §
1269 1629 1338 1704 96.)

236 1726 422 1805 ‘Iambus'
442 1726 560 1809 inquit,
588 1729 672 1790 ‘uon
686 1744 768 1789 saue
782 1745 805 1788 a
828 1724 992 1789 Romanis
1015 1726 1202 1790 celebratus
1225 1733 1289 1806 est,
1303 1735 1338 1792 ut

234 1830 405 1914 proprium
419 1845 527 1909 opns3
550 1845 571 1889 a
586 1825 786 1908 quibusdam
801 1827 1038 1908 interpositus:
1062 1826 1160 1908 cujus
1173 1826 1337 1892 acerbitas

236 1933 271 1994 in
299 1929 443 2005 Catullo,
472 1925 648 2002 Bibaculo,
680 1924 845 1989 Horatio:
882 1944 1075 2008 quanquam
1098 1927 1148 1990 illi
1175 1925 1337 2010 [Catullo]

230 2029 362 2114 epodos
384 2027 576 2092 intervenire
590 2025 637 2109 [h.
660 2045 690 2088 e.
700 2045 749 2090 ex
763 2026 1029 2108 interpretatione
1043 2026 1194 2104 Gesnen,
1209 2028 1337 2111 trabib„

234 2128 419 2196 versiculos
443 2127 611 2192 breviores
641 2126 856 2208 longioribus,
871 2125 1028 2191 dimetros
1051 2129 1217 2206 bimetris,
1249 2131 1338 2194 acci-

232 2239 349 2298 nentes
379 2231 523 2314 quasis.
544 2229 765 2305 succinentes,
791 2229 813 2291 i.
825 2246 855 2292 e.
870 2227 1077 2310 subjrmctos,
1101 2233 1139 2292 ut
1152 2231 1188 2292 iu
1211 2246 1256 2296 xr
1271 2231 1335 2314 pri·

230 2337 348 2402 oribus
360 2332 497 2398 Horatii
513 2329 655 2414 Epodis]
677 2349 745 2393 nou
756 2329 959 2411 reperiatur!

279 2433 336 2502 Ad
358 2433 497 2498 Satiram
514 2433 740 2498 Romanorum
754 2431 929 2516 temporaria
942 2433 1163 2516 θῐδιαλογικὴν,
1176 2450 1255 2515 quae
1280 2452 1335 2495 an·

232 2537 425 2621 tiquissima
447 2535 520 2612 fuit,
536 2541 570 2597 et
594 2539 663 2596 trum
683 2537 759 2594 ante
784 2531 873 2594 Livii
886 2529 1070 2595 Andronici
1090 2538 1254 2614 tempora,
1269 2538 1335 2598 brm

236 2629 428 2702 Bruttiorum
451 2635 583 2699 nomine
605 2637 683 2714 post
707 2632 765 2694 illa
785 2633 844 2696 diu
866 2633 985 2713 riguit,
1008 2635 1054 2709 (r.
1079 2652 1156 2714 sup·
1178 2639 1251 2698 not.
1267 2631 1338 2715 14.)

234 2738 378 2804 accessit
391 2736 509 2802 deinde
525 2733 633 2796 Satira
649 2733 792 2810 ὃιδακτικὴ
807 2740 843 2798 et
861 2735 1062 2817 διηγηματικὴ,
1077 2733 1262 2818 etquidem
1279 2734 1338 2798 du·

236 2841 335 2924 plicis
352 2839 489 2923 generis,
508 2834 656 2900 Eretriam
672 2840 706 2898 ct
721 2831 893 2896 Luciliano
908 2851 919 2896 t
936 2853 1015 2898 nam
1034 2829 1234 2896 Varroniano
1251 2854 1339 2900 com·

234 2943 332 3022 mode
353 2941 396 3005 ad
423 2942 564 3022 priorem
590 2936 703 3001 referri
717 2941 839 3019 potest.
884 2933 929 3013 Q.
946 2934 1107 3011 Eamus,
1130 2934 1232 3017 po'eta
1254 2935 1338 2998 cele·

234 3043 406 3117 benimus,
420 3039 552 3104 Graecis
566 3039 670 3102 literis
686 3037 761 3121 jam
775 3037 979 3119 aliquantum
994 3036 1140 3098 imbutus
1153 3042 1187 3100 et
1205 3034 1339 3118 Scipio·

233 3145 268 3208 ni
284 3141 445 3206 Africano
470 3140 588 3222 majori
605 3139 892 3213 familiarissimus,
919 3138 977 3220 qui
1004 3142 1176 3200 natusest
1201 3135 1338 3212 Rodiis,

235 3265 315 3328 opp.
330 3241 496 3306 Calabria
510 3259 614 3322 prope
639 3240 816 3304 Tarentum
838 3239 1013 3321 sinumque
1024 3236 1283 3314 Tarentinum,²⁵
1306 3241 1339 3300 ct

233 3346 323 3410 vixit
345 3346 387 3408 ab
411 3363 442 3407 a.
455 3341 498 3406 U.
515 3363 545 3407 c.
564 3357 655 3405 oxv.
671 3339 715 3404 nd
732 3337 943 3404 ιιι.ιιιιιιι’.’6
965 3357 1033 3402 non
1056 3335 1157 3400 modo
1180 3337 1337 3400 carminis

234 3447 462 3512 Romanorum
475 3443 599 3506 heroici
613 3437 850 3524 poetarumque
865 3441 1036 3524 epicorum
1051 3457 1170 3522 parens
1185 3436 1262 3516 luit,
1278 3437 1338 3502 sed

234 3551 336 3616 etiam
352 3547 470 3610 Horat.
495 3543 566 3607 Sat.
588 3561 613 3606 1.
631 3543 683 3606 10.
699 3541 754 3605 66.
772 3539 868 3618 rudis,
890 3541 938 3618 (h.
951 3560 981 3604 e.
995 3540 1075 3602 nori
1088 3544 1123 3602 et
1144 3537 1253 3601 adhuc
1276 3539 1337 3601 im»

235 3652 344 3736 politi)
366 3659 395 3712 et
422 3641 539 3708 Gratis
565 3643 679 3707 intacti
692 3643 839 3706 carminis
855 3644 989 3722 (Satirae
1015 3640 1204 3718 didacticae)
1227 3647 1336 3702 auctor

232 3756 395 3818 dicitur.²⁷
440 3747 533 3825 Quot
547 3741 673 3810 Satires
688 3746 871 3829 scripserit,
897 3765 962 3808 uon
977 3745 1125 3806 constat:
1147 3739 1232 3804 liber
1247 3758 1298 3804 rr.
1314 3757 1336 3802 a

746 3897 853 3948 NOTAE

270 4003 301 4048 2⁴
319 3997 489 4064 Ciropnot.
502 4002 541 4048 10.
805 3993 871 4043 rim
892 3993 1003 4044 Hieron.
1021 3988 1114 4038 Cbrou.
1126 3983 1333 4050 Eusebolymp

267 4077 298 4123 25
316 4074 381 4122 luda
401 4071 495 4124 Rrrdim
511 4075 579 4124 tama
597 4069 763 4121 dieiturcic.
806 4073 861 4118 lso.
1293 4130 1297 4136 Δ

236 4147 366 4198 Άιειιζιο.
401 4149 509 4197 liudbrrn
525 4147 639 4198 Cic.0r.
662 4147 705 4196 iu.
723 4149 764 4196 42.
835 4149 869 4194 26
886 4141 1069 4194 vomunt.
1082 4139 1314 4190 lactassent.

234 4221 602 4286 cxrr.otlluron.1oyu.nr.
616 4227 656 4274 17.
671 4219 762 4272 Taren·
808 4214 814 4224 ’
835 4225 867 4272 77
884 4218 1050 4271 casaubonus
1070 4232 1098 4281 p.
1121 4219 1177 4266 lat.
1203 4212 1332 4280 ingeniose
