2817 4792
245 399 290 467 dd
758 413 848 465 vrrs

245 565 365 632 exurit.
409 563 448 628 si
460 579 528 628 non
541 563 605 628 hoc
621 562 737 640 voluit,
757 569 846 628 eerte
866 562 902 627 iu
915 563 1141 647 suspicionem
1156 560 1242 630 hene
1255 566 1349 628 venit

247 667 487 746 Quintilianus:
524 663 651 728 Sciens
678 674 819 744 tueatur,
844 663 878 728 in
891 685 952 749 pue
964 685 1021 748 per
1035 663 1193 749 qrrondum
1206 666 1351 750 suspicio-

245 787 315 832 trem
331 768 413 855 quoti
427 789 488 832 uon
504 767 632 831 dicimus
646 768 746 852 accipi
759 765 918 832 volomus:
942 767 1020 831 iude
1032 765 1179 854 figurate
1191 765 1309 845 dicere,
1322 778 1352 834 el

235 869 388 958 figurate
417 869 635 934 cerrtrecersiae.
679 869 712 934 Λ
751 889 793 933 ue
821 868 898 934 ideo
924 889 980 952 per
1008 867 1134 953 speciem
1158 865 1288 934 horroris
1315 869 1353 932 od

240 971 462 1060 prefectorum
477 969 609 1036 colrortie
625 970 656 1034 iu
673 874 847 1057 AEgptum
860 969 978 1048 missus,
992 979 1093 1054 etque
1100 970 1195 1036 Urbe
1208 990 1353 1037 sumo·

247 1085 314 1141 tus:
337 1096 404 1142 nen
416 1076 579 1160 relegatus
594 1076 627 1137 in
645 1071 744 1153 Ouso,
758 1078 796 1139 ut
808 1072 943 1158 quidam
965 1074 1094 1152 nolrmt,
1108 1093 1172 1137 nee
1191 1071 1351 1159 Pentopo

244 1175 311 1257 tim,
335 1185 371 1244 ut
391 1178 459 1255 elii,
483 1175 541 1241 sed
566 1174 694 1262 Syenen,
717 1197 792 1261 quse
817 1175 896 1239 urbs
921 1176 1062 1259 AEgypti
1084 1175 1215 1253 ultima,
1232 1178 1348 1261 inque

245 1287 312 1346 tres
326 1281 477 1346 cohortes
492 1279 749 1364 praetendebant.
796 1275 838 1340 Id
849 1273 994 1362 supplicii
1006 1297 1115 1363 genoe,
1137 1280 1252 1363 inquit
1273 1281 1351 1345 Sue·

133 1453 143 1468 ,
244 1383 366 1462 tonius,
383 1379 503 1468 placuit
520 1391 553 1444 st
568 1381 629 1444 levi
654 1391 747 1467 etque
760 1381 905 1467 joculari
919 1377 1032 1459 delicto
1052 1401 1118 1466 par
1141 1393 1228 1446 esset.
1285 1383 1349 1448 sed

245 1485 371 1568 inquiet
385 1485 517 1568 aliquis,
527 1485 557 1547 si
572 1483 663 1548 Urbe
678 1485 840 1566 relegatus
855 1489 905 1547 est
918 1485 982 1547 sub
992 1484 1164 1549 moder-nto
1182 1484 1348 1570 Principe,

247 1588 356 1672 qualis
381 1593 451 1652 eret
477 1585 681 1665 Hadrianus,
707 1606 747 1652 ee
772 1592 899 1652 tentum
926 1589 1068 1664 nomine,
1094 1587 1186 1670 quod
1214 1587 1348 1672 figurate
1400 1632 1401 1637 κ

247 1696 396 1773 tempore
416 1691 486 1774 ejus
501 1695 617 1753 texere
632 1691 725 1755 visus
739 1696 837 1766 esset,
860 1707 919 1752 cur
933 1689 1144 1754 Domitianus
1157 1690 1248 1754 adeo
1262 1691 1349 1756 iulru

244 1809 362 1856 manus
376 1795 410 1856 et
423 1792 576 1856 immanis
588 1791 751 1875 Princeps
761 1794 831 1856 sine
843 1811 934 1856 noxe
942 1812 1109 1877 poenaqne
1119 1791 1252 1858 dimisit
1265 1815 1346 1874 enm,

247 1913 350 1977 equo
373 1893 456 1958 edeo
479 1901 594 1978 aperto
617 1898 775 1977 rectoque
795 1894 862 1958 telo
874 1913 935 1977 per
959 1893 1046 1958 letus
1067 1885 1202 1960 Paridis
1223 1899 1347 1979 petitus

244 1995 383 2061 suisset't
429 1995 557 2061 Praeter
572 1997 639 2062 elie
651 1997 756 2062 multe
775 2015 875 2060 rmum
888 1996 952 2059 hoc
966 1997 1136 2081 praecipue
1149 1999 1347 2081 respendere

246 2104 308 2178 est,
324 2099 468 2164 Setirnm
481 2099 583 2178 illem,
601 2101 858 2183 quamprimum
879 2099 1025 2164 omnium
1046 2099 1081 2162 in
1104 2097 1266 2176 Paridem
1281 2101 1347 2166 De-

246 2201 372 2266 minari
382 2201 462 2266 fecit
474 2201 496 2266 J
498 2201 657 2278 utendis,
670 2221 840 2284 peccorum
852 2220 990 2265 nuruum
999 2202 1114 2279 luisse,
1125 2219 1187 2266 neo
1200 2202 1345 2267 auditam

244 2301 390 2388 publice,
405 2321 465 2367 neo
479 2301 613 2379 editam,
628 2302 687 2366 sed
701 2303 820 2385 paucis
836 2305 866 2366 si
879 2304 963 2368 iente
975 2301 1186 2367 scholasticis
1207 2304 1345 2368 homini·

245 2405 309 2470 bus
336 2412 369 2470 et
394 2405 502 2470 doctis
527 2405 646 2470 visum.
692 2403 746 2469 Ite
769 2405 833 2470 hec
857 2405 1036 2469 verisimile
1057 2405 1120 2481 est,
1144 2410 1182 2468 ut
1202 2405 1285 2471 nihil
1306 2411 1345 2472 nt

244 2507 364 2569 verius.
409 2505 500 2570 Nem
515 2513 594 2588 pest
615 2507 679 2571 hoc
702 2505 962 2590 experimentum
980 2525 1055 2570 cum
1069 2506 1127 2570 diu
1140 2507 1344 2590 multumque

244 2623 281 2670 se
295 2605 330 2667 in
344 2624 384 2669 ee
399 2605 562 2669 scribendi
576 2625 691 2688 genere
713 2604 931 2686 exercuisset,
952 2625 1056 2671 senex
1077 2607 1260 2672 admodum
1282 2611 1344 2672 sub

244 2703 420 2770 Hadriano
434 2707 561 2790 scripte
583 2725 643 2772 sne
664 2707 826 2774 auditorio
841 2709 1000 2794 frequenti
1013 2709 1068 2773 bis
1082 2714 1198 2793 terque
1210 2712 1344 2775 commi·

244 2808 298 2886 sit,
314 2813 413 2892 etque
428 2807 462 2871 in
475 2809 595 2891 vulgus
609 2809 730 2888 emisit,
747 2811 881 2887 satiras,
902 2827 1021 2892 nempe
1041 2810 1103 2874 hes
1116 2829 1244 2888 omnes,
1268 2831 1342 2895 que

242 2909 339 2974 hodie
354 2915 481 2989 extent,
495 2913 530 2975 in
551 2929 670 2996 corpus
693 2929 795 2974 unum
815 2910 971 2994 digestas,
994 2912 1117 2994 quibus
1139 2912 1242 2977 etiam
1266 2911 1343 2977 inse·

243 3008 308 3073 rsit
320 3032 356 3075 eo
371 3035 437 3097 qne
447 3011 691 3098 primnfeeerct,
706 3017 743 3077 ut
756 3013 815 3077 illa
828 3014 863 3076 in
878 3012 1044 3077 Paridem.
1068 3013 1125 3079 Sic
1135 3031 1218 3097 poss
1230 3031 1342 3079 esrum

243 3115 305 3178 sub
321 3115 512 3181 Domitiano
527 3117 725 3200 composite,
748 3133 829 3200 pars
849 3115 912 3179 sub
934 3115 1092 3199 Trnjerno,
1107 3115 1268 3198 qumdnm
1281 3117 1343 3180 sub

220 3201 418 3281 ‘Hadriano
427 3216 658 3295 fectae,emnes
674 3224 784 3282 autem
796 3215 964 3282 Hadriani·
972 3235 1048 3281 neve
1057 3216 1205 3282 recitatur
1215 3218 1343 3302 etpub·

241 3321 365 3397 licetne,
391 3340 458 3405 quo
482 3327 629 3406 tempore
653 3319 686 3382 in
711 3319 909 3405 suspicionem
933 3318 1030 3396 venit,
1056 3316 1146 3403 qoosr'
1168 3316 1224 3381 ssd
1246 3318 1344 3403 specie

241 3421 447 3510 tancredorum
476 3419 651 3488 Domitiani
666 3431 836 3506 temporum
857 3421 1019 3506 prasentia
1034 3420 1180 3485 denotare
1198 3418 1344 3485 voluerit.

240 3525 351 3610 Atque
365 3527 409 3590 ob
424 3525 458 3590 id
478 3519 559 3588 Urbe
575 3523 784 3607 remotuejom
800 3522 1023 3609 octogenarius.
1056 3521 1147 3586 Hsec
1161 3523 1247 3586 scire
1262 3521 1346 3588 Sue·

238 3629 348 3696 tonius
369 3630 487 3716 potnit,
519 3630 574 3713 qui
600 3627 716 3691 eedem
737 3628 807 3692 fere
832 3631 932 3691 eetnte
958 3627 1054 3704 vixit,
1075 3643 1137 3689 nec
1160 3625 1343 3710 quicqum

240 3735 326 3804 alius
338 3739 460 3820 preter
472 3749 546 3796 enm
561 3729 743 3811 singularia
756 3731 820 3794 iste
833 3728 875 3792 de
888 3730 958 3793 rite
971 3732 1005 3792 et
1018 3727 1153 3811 seriptis
1165 3725 1189 3790 J
1190 3727 1343 3792 uvenelis

238 3853 337 3901 nosse
352 3834 493 3921 quiverit
507 3837 541 3897 et
561 3833 594 3896 in
607 3831 722 3896 literne
734 3831 871 3910 reserre3
898 3849 920 3894 e
932 3847 1001 3913 qne
1021 3830 1199 3893 hauserunt
1213 3847 1343 3906 omnes,

240 3937 299 4019 qui
321 3944 439 4021 postes
453 3939 558 4004 ritem
580 3935 678 4019 hujus
698 3934 810 4018 po'etae
825 3937 1060 4017 exposuerunt,
1077 3930 1155 4007 Dio,
1170 3929 1342 4008 Sidonius,

240 4035 373 4117 Snides,
388 4047 422 4105 et
434 4047 560 4105 veteres
576 4037 776 4104 scholiastae.
822 4034 890 4100 Sed
904 4055 947 4099 ex
966 4034 1054 4098 mele
1066 4031 1244 4096 intellectis
1257 4031 1342 4095 &re-

240 4137 322 4203 tonii
337 4141 443 4205 verbis
457 4145 613 4218 errarunt,
629 4159 706 4204 cum
730 4157 753 4202 e
777 4137 970 4202 Domitiano
983 4136 1118 4218 pulsum
1143 4133 1342 4214 ingratiam

239 4239 385 4320 Paridis,
401 4261 498 4327 quem
519 4243 652 4310 satirico
674 4256 786 4306 morse
810 4238 1059 4323 perstrinxerat,
1073 4235 1238 4302 dixermt.
1282 4233 1343 4300 δίο
