2817 4792
501 405 756 471 nouruoauu.
1044 467 1050 480 ,
1128 409 1173 479 69

65 561 309 648 Porphyrione,
325 571 357 628 et
374 583 422 628 vr.
446 583 468 628 a
481 565 618 630 Donato
635 565 678 630 ad
693 565 827 632 Terent.
850 565 984 632 Phorm.
1009 585 1048 631 11.
1063 569 1096 635 2.
1111 569 1166 637 25.

64 664 220 731 landatur
241 667 320 743 (nisi
343 667 550 730 librariorum
565 667 692 730 incuria
705 669 830 732 numeri
852 673 929 732 sunt
942 669 1112 754 confusi);
1135 677 1170 737 et

67 766 184 847 singuli
199 767 277 830 libri
297 768 442 850 singulas
452 767 743 852 comprehendisse
757 769 910 834 videntur
925 770 1065 848 Satires,
1081 772 1170 836 unde

68 867 113 929 illi
136 867 345 952 plermnque,
356 888 422 934 non
441 870 493 935 lrae
508 875 739 934 memorantur.
784 869 906 934 Earum
929 892 996 937 non
1009 873 1075 936 nisi
1095 894 1170 957 per-

70 987 187 1048 paucae
201 971 584 1054 inveniuntmreliquiae‚
601 991 685 1054 quas
707 991 726 1034 e
746 971 834 1036 Gell.
854 989 895 1036 11.
919 973 973 1038 29.
998 988 1112 1038 xvrn.
1134 977 1168 1040 2.

70 1069 184 1134 Servio
200 1072 247 1135 ad
261 1070 355 1154 Virg.
378 1071 456 1136 AEn.
473 1089 544 1136 xn.
560 1073 636 1138 lul.
669 1073 779 1137 Nonio
804 1076 852 1149 (in
866 1093 964 1138 voce.
989 1075 1168 1160 obstringil-

69 1167 141 1248 lore,
161 1169 343 1254 politiones,
357 1179 392 1237 et
406 1165 581 1256 criminant),
594 1173 735 1257 aliisque
749 1173 987 1238 Grammaticis
1010 1177 1170 1259 collegere

68 1270 240 1350 Columna,
258 1273 402 1350 Merula,
429 1273 618 1349 floscellos,
636 1280 671 1337 et
694 1271 838 1338 Casaub.
850 1274 892 1337 de
911 1273 981 1336 Sat.
1008 1274 1111 1339 Rom.
1131 1298 1169 1359 p.

69 1375 139 1438 193.
154 1375 232 1440 194.
250 1377 309 1439 ubi
333 1383 413 1440 nota
429 1377 564 1440 exhibet
577 1376 644 1440 duo
666 1375 794 1458 majora
818 1375 1008 1458 fragmenta,
1024 1377 1084 1439 sod
1098 1375 1170 1440 ion-

69 1481 139 1552 tem,
154 1477 245 1540 unde
260 1477 379 1541 bansta
393 1479 468 1554 sint,
483 1495 549 1540 non
564 1476 699 1540 indicat.
723 1474 874 1539 Alterum
885 1477 1069 1556 astrologos
1081 1495 1170 1540 som·

69 1578 259 1661 niornmqne
278 1579 584 1660 interpretamus
600 1583 635 1642 et
649 1577 672 1642 J
674 1577 825 1640 uvenalis
837 1577 920 1640 forte
934 1579 1035 1641 menti
1048 1577 1082 1640 in
1096 1577 1168 1642 Sat.

71 1693 116 1739 vr.
137 1679 314 1744 all-591
343 1679 602 1744 obversabatur:
625 1677 760 1740 ultemm
780 1682 953 1741 venustam
980 1677 1169 1743 libidinosae

70 1779 211 1843 mobaris
232 1781 488 1864 descriptionem
504 1781 659 1844 continet.
704 1778 790 1844 lllud
800 1779 920 1859 legitur
932 1797 988 1861 ap.
1003 1777 1076 1842 Cic.
1088 1777 1167 1842 Div.

73 1895 93 1941 ι.
106 1881 156 1944 58.
178 1887 212 1946 ot
236 1883 286 1945 ibi
310 1881 417 1945 Ennio
433 1886 521 1944 certe
536 1880 708 1942 tribuitur:
729 1885 905 1961 utrumque
919 1897 999 1943 vero
1014 1897 1034 1940 e
1047 1879 1167 1942 Satiris

72 1983 186 2061 potins,
202 2001 306 2066 quam
327 1981 449 2047 sabulis
463 1982 563 2064 hujus
577 1980 689 2063 poiitae
704 1979 911 2062 depromtum
930 1998 1006 2043 esse
1020 1978 1169 2043 credide·

73 2081 136 2144 rim.
179 2082 336 2148 Ceterum
348 2082 390 2145 de
404 2081 513 2146 indole
531 2081 714 2145 Satirarum
731 2079 831 2143 Ennii
851 2081 897 2142 ab
905 2079 1051 2162 antiquis
1064 2081 1169 2163 scrip·

74 2183 190 2248 toribus
203 2185 295 2248 baud
309 2183 381 2247 scib
403 2202 445 2247 an
458 2183 637 2265 quicquam
662 2182 829 2244 memoriae
842 2179 1010 2262 proditum
1034 2179 1090 2256 sit,
1104 2179 1172 2244 nisi

74 2285 157 2364 qnod
183 2285 412 2364 Quintilianus
439 2284 521 2349 Inst.
547 2281 605 2347 Or.
632 2299 687 2346 rx.
712 2283 744 2348 2.
758 2281 816 2346 36.
829 2281 944 2358 tradit,
965 2278 1108 2344 Mortem
1128 2299 1173 2344 ac

75 2381 180 2450 Vitam
203 2386 436 2452 contendentes
459 2387 503 2449 ab
526 2405 567 2450 eo
590 2385 743 2450 inductas
771 2401 857 2459 esse,
872 2387 904 2444 ct
927 2379 1171 2444 ‘aliislaudatur

75 2483 194 2552 :lautus
207 2509 235 2553 s.
251 2487 444 2565 Sotadicos,
460 2488 574 2553 titulum
600 2485 718 2550 Satirae
742 2483 914 2558 Funianae,
928 2481 964 2544 in
981 2499 1049 2563 qua
1072 2479 1172 2546 luxu·

76 2587 148 2651 riosi
163 2591 216 2654 vel
231 2589 387 2653 dissoluti
400 2588 543 2653 hominis
568 2585 744 2667 imaginem
759 2583 976 2647 adumbrasse
998 2579 1168 2647 videtur.²⁸

77 2683 125 2752 Ex
146 2689 197 2754 bis
217 2695 328 2755 tamen
351 2689 485 2754 indiciis
501 2693 591 2751 etex
615 2687 699 2770 ipsis
725 2683 915 2765 fragmentis
939 2683 1038 2767 hujus
1059 2680 1169 2765 politae

76 2779 234 2870 probabili
251 2792 381 2877 judicio
404 2789 581 2872 colligitur,
606 2786 737 2853 Satires
757 2785 831 2868 ejus
853 2783 959 2848 fuisse
980 2781 1084 2844 ocrim
1097 2800 1169 2846 car-

78 2891 193 2956 minum
205 2895 312 2972 lusus,
327 2913 448 2976 magna
460 2897 493 2955 et
514 2890 608 2954 metri
623 2895 658 2953 et
680 2884 866 2970 argumenti
890 2884 1078 2947 diversitate
1091 2901 1169 2946 con-

78 2991 214 3073 spicuos,
230 3003 264 3060 et
277 3014 343 3058 non
358 2993 455 3078 plane
464 2991 598 3078 quidem
610 2992 802 3072 respuentes
812 2984 935 3066 dialogi
944 2983 1093 3060 formam,
1109 2981 1170 3047 scd

79 3082 253 3162 animandis
270 3102 396 3163 tantum
416 3090 575 3160 orationis
590 3091 756 3155 coloribus
770 3086 970 3162 adhibentes,
984 3103 1089 3167 neque
1112 3103 1170 3148 co·

78 3195 191 3258 micum
214 3199 369 3273 derisum,
385 3196 444 3260 sed
470 3197 573 3259 risum
594 3191 707 3276 potius
730 3190 898 3253 satiricum
919 3191 1114 3250 sectantes²⁹
1135 3185 1172 3248 in

79 3293 197 3361 rebuse
218 3301 291 3364 vita
310 3297 476 3362 communi
493 3295 618 3380 petitis,
639 3299 673 3357 et
697 3291 741 3358 ad
764 3289 938 3354 utilitatem
963 3303 1170 3350 communem

80 3412 240 3482 moresque
253 3400 421 3463 homiuum
440 3395 675 3480 spectantibus.
1050 3445 1057 3454 ,

116 3494 167 3559 Ab
180 3500 241 3566 hac
254 3497 364 3562 Sotira
381 3495 533 3562 Emriuao
549 3495 721 3562 differebat
737 3489 919 3565 Luciliano,
936 3489 1034 3572 cujus
1055 3494 1170 3552 auctor

83 3591 115 3656 C.
130 3597 321 3680 Luolurus,
345 3620 446 3686 eques
466 3597 636 3664 Romanus
658 3601 691 3659 et
714 3601 855 3677 magnus
870 3589 1053 3654 avunculus
1068 3587 1169 3650 Pom·

82 3698 140 3774 peii
160 3699 283 3787 Magni,
307 3703 423 3789 quiae
445 3701 565 3786 patria,
581 3697 708 3762 Suessa
730 3692 901 3768 Aurunca,
920 3710 1000 3775 opp.
1027 3686 1168 3770 Campa·

560 3863 669 3915 NOTAE

81 3974 356 4045 suspicaturlegeadnm
364 3993 435 4030 esse:
455 3979 533 4034 Quum
545 3977 596 4028 aa·
670 3979 703 4024 29
720 3974 763 4023 lta
773 3973 871 4021 ma
879 3964 957 4014 serta
963 3961 1082 4011 distinxit
1093 3960 1170 4010 Eielr·

83 4043 597 4108 dil³1(ireraitr'atuetiattrutiuitauctor.(ll.
638 4049 726 4102 staedt
735 4065 762 4112 p.
779 4051 821 4096 62.
838 4043 905 4092 duce
916 4039 1027 4091 Quintil.
1046 4038 1069 4086 1.
1083 4038 1116 4086 0.
1128 4049 1168 4085 vr.

83 4127 129 4170 ¹¹⁰¹·
144 4127 183 4196 ’ὃς
639 4133 662 4178 8.
679 4121 921 4188 disparascere
934 4117 961 4166 iu
973 4117 1048 4168 Nova
1058 4114 1169 4166 Anare-

111 4199 140 4248 23
154 4203 184 4251 V·
198 4205 295 4273 Flbgel.
314 4211 344 4259 Τ.
361 4221 391 4260 ιι.
405 4223 431 4274 p.
446 4211 471 4260 7.
483 4215 510 4258 ct
519 4207 596 4258 Blnu·
639 4204 690 4272 pol.
700 4203 729 4252 Τ.
739 4215 759 4253 r.
770 4214 797 4266 p.
808 4198 924 4247 tealdo.

85 4267 188 4343 lenburg
201 4283 279 4336 T.1v.
292 4299 318 4351 p.
331 4287 386 4336 lta.
