2817 4792
245 361 483 446 uuouuuruu
507 395 733 444 surrnunuu
756 395 980 445 suvuuutrs.
1098 357 1165 446 lta

284 595 551 662 AMMIANUS
576 593 924 660 MARCELLINUS

399 713 578 778 Historiar.
593 714 652 778 lib.
676 730 818 778 xxvru.

97 828 246 909 Quidam
268 828 476 906 detestantes,
492 834 528 894 ut
545 849 682 908 venena,
706 830 886 909 doctrinas,
910 831 1105 898 Juvenalem
1129 835 1163 895 et

24 965 28 970 ·
52 931 200 996 Marium
213 931 401 995 Maximum
413 932 576 998 curatiore
591 933 703 998 studio
717 934 842 1015 legunt,
865 935 957 1010 nulla
978 933 1160 1010 volumina,

48 1033 268 1115 praeteritate,
284 1033 319 1096 in
333 1031 497 1116 profundo
512 1033 582 1098 ctio
596 1039 851 1100 contrectantes.

464 1181 759 1248 PORPHYRIO

257 1319 329 1378 seu,
346 1301 499 1386 quisquis
515 1307 577 1380 cst,
591 1307 686 1369 vetus
702 1302 964 1379 Grammaticus,

347 1403 381 1465 in
396 1399 579 1467 Commcnt.
593 1404 637 1468 ad
653 1405 775 1469 Horat.
793 1404 864 1468 Sat.

97 1501 215 1586 Satyra
239 1501 375 1568 Horatii
396 1503 479 1568 iuter
509 1503 633 1569 Lucilii
659 1505 816 1589 Satyrum
845 1511 879 1568 et
907 1504 1083 1569 luvenalis
1111 1509 1161 1569 est

51 1603 178 1668 media:
201 1623 279 1667 nam
293 1609 325 1668 et
340 1607 552 1686 asperitatem
566 1605 676 1683 habet,
693 1607 824 1691 qualem
847 1606 1013 1685 Lucillus,
1032 1612 1064 1669 et
1085 1625 1160 1670 sua·

52 1705 197 1784 vitatem,
214 1707 346 1788 qualem
361 1706 552 1772 luvenalis.

368 1863 542 1930 SUIDAS
567 1865 622 1930 IN
646 1865 843 1932 LEXICO.

94 1981 385 2048 ἸΟΤΒΕΝΑΑΙΟΣ
397 1987 508 2062 ποιητὴς
521 1985 670 2066 Ῥωμαῖος.
687 1983 765 2060 οὗτος
780 1981 810 2062 ἦν
826 1984 869 2047 ἐπὶ
886 1987 1058 2065 Δομετιανοῦ
1072 1983 1161 2060 βασι-

54 2078 122 2155 ulo,
135 2081 295 2163 ‘Populea
334 2085 370 2146 '0
384 2085 412 2147 δί
427 2089 599 2168 Δομετιανὸς
624 2086 711 2172 ἰφίλιι
734 2089 782 2150 τὸν
805 2090 947 2174 ὀρχηστὴν
960 2083 1094 2172 πρασίνου
1108 2079 1162 2166 μ’·

53 2209 112 2268 ρους
127 2185 174 2247 τὸν
188 2185 338 2270 λιγὸμενον
360 2187 461 2278 Πάριν,
476 2191 537 2277 rupi
552 2190 583 2253 οὗ
599 2191 647 2254 καὶ
664 2192 826 2276 ἐλοιδορεῖτο
841 2190 892 2253 tal
912 2195 961 2266 τῆς
981 2185 1160 2272 συγκλήτου,

54 2283 100 2348 xai
113 2286 300 2364 Ἰιιιβιιαλίου
314 2295 363 2351 τοῦ
378 2297 501 2367 ποιητοῦ·
526 2290 603 2366 ὅστις
624 2291 762 2370 βασιλεὺς
776 2293 892 2376 ἐξώρισε
913 2287 1159 2366 τόι’1ουβενιἰλιοι

53 2389 267 2454 buinardus
281 2392 323 2454 lut
339 2395 388 2470 rip
403 2392 520 2472 Λιβύην.
537 2397 583 2458 τὸν
605 2395 631 2457 δὲ
655 2397 798 2478 ὀρχηστὴν
812 2388 969 2464 sicorim
985 2386 1107 2469 ἔπεμψιν
1122 2391 1160 2461 εἷς

53 2491 236 2582 Ἀπιὸχιιαν·
254 2491 282 2569 ὃς
298 2493 399 2571 κτίσας
415 2495 488 2560 οἶκον
500 2498 549 2559 καὶ
562 2497 677 2582 λουτρὸν
693 2493 747 2574 iis
759 2498 808 2570 τῆς
819 2493 926 2567 πόλεως
941 2495 999 2556 tud
1011 2491 1143 2574 τιλιυτᾷ.

209 2977 456 3054 DIVISIO
489 2977 566 3054 ET
597 2975 995 3054 ARGUMENTA

307 3119 599 3186 SATIRARUM
621 3120 906 3187 JUVENALIS.

88 3275 112 3340 J
115 3289 310 3342 uvurtttlns
339 3275 461 3340 Satirae
490 3273 635 3338 sedecim
664 3274 699 3338 in
728 3275 841 3338 multis
874 3271 1062 3349 codicibus,
1089 3275 1158 3337 tam

53 3377 181 3463 scriptis
195 3395 295 3462 quam
310 3375 421 3453 editis,
435 3395 469 3440 v.
484 3395 516 3440 c.
529 3375 563 3438 in
577 3377 610 3438 4.
626 3375 680 3439 19.
696 3374 813 3439 bulo.
827 3374 882 3438 46.
897 3373 953 3450 49,
966 3375 1020 3439 55.
1034 3373 1089 3440 59.
1101 3375 1167 3438 70.-

52 3480 101 3545 74.
128 3481 199 3556 75,
229 3477 468 3544 distribuuntur
492 3477 525 3540 iu
550 3478 695 3562 quinque
724 3478 840 3555 libros,
864 3495 1006 3560 quorum
1028 3475 1156 3560 primus

52 3585 195 3670 quinque
208 3582 347 3667 priores,
363 3582 528 3648 secundus
543 3586 687 3656 sextam,
703 3581 819 3644 tertius
844 3595 912 3644 vu.
931 3596 1013 3641 νιιι.
1035 3582 1070 3641 et
1086 3591 1158 3653 rx,

53 3691 187 3770 quartus
204 3701 244 3748 X.
258 3701 313 3748 xl.
327 3689 360 3748 et
376 3701 448 3749 xu.
461 3686 596 3768 quintus
610 3689 676 3748 tres
690 3683 827 3747 idtimas
841 3680 1080 3764 complectitur.
1106 3675 1157 3752 Hi

49 3787 122 3853 libri
136 3785 315 3851 laudantur
324 3786 397 3870 jam
417 3805 438 3850 a
453 3784 640 3862 Prisciano,
655 3791 687 3850 et
705 3805 727 3848 a
740 3789 806 3849 vet.
823 3781 935 3846 Schol.
952 3780 996 3844 ad
1011 3779 1081 3844 Sat.
1098 3794 1155 3842 ιιι.

50 3889 121 3956 tto.
167 3887 262 3952 Hinc
284 3887 480 3952 divisionem
502 3889 587 3952 hauc
610 3887 738 3964 retinui,
765 3885 829 3950 etsi
851 3901 968 3966 parum
990 3883 1073 3961 apta
1094 3884 1157 3958 ost,

51 3990 139 4074 (nam
152 3989 303 4076 plerique
324 3988 400 4054 libri
415 4008 480 4054 non
501 3991 568 4054 uisi
590 3995 655 4053 tres
677 3988 811 4062 satiras,
828 3989 861 4047 et
881 3979 1049 4046 secundus
1071 3979 1155 4046 adeo

51 4111 145 4160 unam
159 4097 289 4156 tautum
304 4090 471 4174 continet)
484 4097 518 4157 et
527 4091 570 4157 ab
584 4090 663 4176 ipso
676 4085 781 4176 poblo
792 4105 869 4152 eam
882 4081 1067 4169 profectam
1082 4101 1158 4150 osse

51 4194 106 4260 rix
119 4190 328 4261 crediderim.
