<?xml version="1.0" encoding="UTF-8"?>
<!DOCTYPE html PUBLIC "-//W3C//DTD XHTML 1.0 Transitional//EN"
    "http://www.w3.org/TR/xhtml1/DTD/xhtml1-transitional.dtd">
<html xmlns="http://www.w3.org/1999/xhtml" xml:lang="en" lang="en">
 <head>
  <title>
</title>
<meta http-equiv="Content-Type" content="text/html;charset=utf-8" />
  <meta name='ocr-system' content='tesseract 3.04.00' />
  <meta name='ocr-capabilities' content='ocr_page ocr_carea ocr_par ocr_line ocrx_word'/>
</head>
<body>
  <div class='ocr_page' id='page_1' title='image "./djuniijuvenalis04persgoog_0106.png"; bbox 0 0 2817 4792; ppageno 0'>
   <div class='ocr_carea' id='block_1_1' title="bbox 176 305 942 374">
    <p class='ocr_par' dir='ltr' id='par_1_1' title="bbox 176 305 942 374">
     <span class='ocr_line' id='line_1_1' title="bbox 176 305 942 374; baseline -0.018 1"><span class='ocrx_word' id='word_1_1' title='bbox 176 305 250 374; x_wconf 49' lang='grc'><strong>..99</strong></span> <span class='ocrx_word' id='word_1_2' title='bbox 542 359 568 368; x_wconf 89' lang='grc'><strong>..</strong></span> <span class='ocrx_word' id='word_1_3' title='bbox 593 359 599 368; x_wconf 93' lang='grc'><strong>.</strong></span> <span class='ocrx_word' id='word_1_4' title='bbox 628 317 677 366; x_wconf 85' lang='lat' dir='ltr'><strong>ua</strong></span> <span class='ocrx_word' id='word_1_5' title='bbox 702 311 902 365; x_wconf 80' lang='lat' dir='ltr'><strong>snrrnrcrs-</strong></span> <span class='ocrx_word' id='word_1_6' title='bbox 929 320 942 359; x_wconf 83' lang='lat'><strong>.·</strong></span> 
     </span>
    </p>
   </div>
   <div class='ocr_carea' id='block_1_2' title="bbox 197 437 1323 560">
    <p class='ocr_par' dir='ltr' id='par_1_2' title="bbox 197 437 1323 560">
     <span class='ocr_line' id='line_1_2' title="bbox 197 437 1323 560; baseline -0.013 -18"><span class='ocrx_word' id='word_1_7' title='bbox 197 475 359 560; x_wconf 74' lang='lat' dir='ltr'><strong>prauum</strong></span> <span class='ocrx_word' id='word_1_8' title='bbox 378 469 619 550; x_wconf 68' lang='lat' dir='ltr'><strong>um&#39;nnsonn,</strong></span> <span class='ocrx_word' id='word_1_9' title='bbox 636 437 743 556; x_wconf 60' lang='lat' dir='ltr'><strong>(tnui</strong></span> <span class='ocrx_word' id='word_1_10' title='bbox 756 471 853 556; x_wconf 70' lang='lat' dir='ltr'><strong>cuju</strong></span> <span class='ocrx_word' id='word_1_11' title='bbox 868 467 1015 533; x_wconf 73' lang='lat' dir='ltr'><strong>carmina</strong></span> <span class='ocrx_word' id='word_1_12' title='bbox 1028 467 1174 550; x_wconf 70' lang='lat' dir='ltr'><strong>primum</strong></span> <span class='ocrx_word' id='word_1_13' title='bbox 1185 465 1323 547; x_wconf 62' lang='lat' dir='ltr'><strong>amem</strong></span> 
     </span>
    </p>
   </div>
   <div class='ocr_carea' id='block_1_3' title="bbox 1401 456 1404 581">
    <p class='ocr_par' dir='ltr' id='par_1_3' title="bbox 1401 456 1404 587">
     <span class='ocr_line' id='line_1_3' title="bbox 1401 456 1404 581; baseline 0 3"><span class='ocrx_word' id='word_1_14' title='bbox 1401 456 1404 581; x_wconf 91' lang='grc' dir='ltr'>Ι</span> 
     </span>
    </p>
   </div>
   <div class='ocr_carea' id='block_1_4' title="bbox 198 563 1404 967">
    <p class='ocr_par' dir='ltr' id='par_1_4' title="bbox 198 563 1404 967">
     <span class='ocr_line' id='line_1_4' title="bbox 198 563 1404 675; baseline -0.014 -32"><span class='ocrx_word' id='word_1_15' title='bbox 198 586 257 644; x_wconf 78' lang='lat' dir='ltr'><strong>‚est</strong></span> <span class='ocrx_word' id='word_1_16' title='bbox 271 585 306 642; x_wconf 87' lang='lat' dir='ltr'><strong>et</strong></span> <span class='ocrx_word' id='word_1_17' title='bbox 319 578 409 642; x_wconf 90' lang='lat' dir='ltr'><strong>edita</strong></span> <span class='ocrx_word' id='word_1_18' title='bbox 424 597 454 642; x_wconf 85' lang='lat' dir='ltr'><strong>a.</strong></span> <span class='ocrx_word' id='word_1_19' title='bbox 470 577 555 641; x_wconf 80' lang='lat'>1500</span> <span class='ocrx_word' id='word_1_20' title='bbox 570 595 592 641; x_wconf 88' lang='lat' dir='ltr'><strong>a</strong></span> <span class='ocrx_word' id='word_1_21' title='bbox 605 571 779 639; x_wconf 72' lang='lat' dir='ltr'><strong>&#39;l&#39;baddoeo</strong></span> <span class='ocrx_word' id='word_1_22' title='bbox 799 571 957 656; x_wconf 83' lang='lat' dir='ltr'><strong>Ugoleto)</strong></span> <span class='ocrx_word' id='word_1_23' title='bbox 977 577 1046 634; x_wconf 81' lang='lat' dir='ltr'><strong>nrm</strong></span> <span class='ocrx_word' id='word_1_24' title='bbox 1068 568 1227 644; x_wconf 86' lang='lat' dir='ltr'><strong>Petronii,</strong></span> <span class='ocrx_word' id='word_1_25' title='bbox 1252 563 1324 628; x_wconf 80' lang='lat' dir='ltr'><strong>Ca·</strong></span> <span class='ocrx_word' id='word_1_26' title='bbox 1402 596 1404 675; x_wconf 30' lang='grc' dir='ltr'>ἶ</span> 
     </span>
     <span class='ocr_line' id='line_1_5' title="bbox 199 676 1404 757; baseline -0.012 -13"><span class='ocrx_word' id='word_1_27' title='bbox 199 680 410 757; x_wconf 82' lang='lat' dir='ltr'><strong>talectomm,</strong></span> <span class='ocrx_word' id='word_1_28' title='bbox 434 679 543 743; x_wconf 88' lang='lat' dir='ltr'><strong>Persii</strong></span> <span class='ocrx_word' id='word_1_29' title='bbox 560 684 592 743; x_wconf 92' lang='lat' dir='ltr'><strong>et</strong></span> <span class='ocrx_word' id='word_1_30' title='bbox 605 677 627 742; x_wconf 88' lang='lat' dir='ltr'>J</span> <span class='ocrx_word' id='word_1_31' title='bbox 629 676 780 740; x_wconf 87' lang='lat' dir='ltr'><strong>uvenalis</strong></span> <span class='ocrx_word' id='word_1_32' title='bbox 794 693 927 739; x_wconf 77' lang='lat' dir='ltr'><strong>annexa</strong></span> <span class='ocrx_word' id='word_1_33' title='bbox 940 678 1010 738; x_wconf 80' lang='lat' dir='ltr'><strong>est:</strong></span> <span class='ocrx_word' id='word_1_34' title='bbox 1030 676 1168 756; x_wconf 87' lang='lat' dir='ltr'><strong>recepta</strong></span> <span class='ocrx_word' id='word_1_35' title='bbox 1182 685 1324 754; x_wconf 87' lang='lat' dir='ltr'><strong>qnoque</strong></span> <span class='ocrx_word' id='word_1_36' title='bbox 1402 682 1404 751; x_wconf 61' lang='grc' dir='ltr'><strong>ι</strong></span> 
     </span>
     <span class='ocr_line' id='line_1_6' title="bbox 205 766 1403 858; baseline -0.01 -13"><span class='ocrx_word' id='word_1_37' title='bbox 205 799 229 845; x_wconf 89' lang='lat' dir='ltr'><strong>a</strong></span> <span class='ocrx_word' id='word_1_38' title='bbox 242 779 467 846; x_wconf 86' lang='lat' dir='ltr'><strong>Wemsdorlio</strong></span> <span class='ocrx_word' id='word_1_39' title='bbox 490 783 523 844; x_wconf 91' lang='lat' dir='ltr'><strong>in</strong></span> <span class='ocrx_word' id='word_1_40' title='bbox 543 779 643 845; x_wconf 65' lang='lat' dir='ltr'><strong>Post.</strong></span> <span class='ocrx_word' id='word_1_41' title='bbox 659 778 735 843; x_wconf 86' lang='lat' dir='ltr'><strong>Lat.</strong></span> <span class='ocrx_word' id='word_1_42' title='bbox 752 777 836 845; x_wconf 89' lang='lat' dir='ltr'><strong>Min.</strong></span> <span class='ocrx_word' id='word_1_43' title='bbox 858 777 901 841; x_wconf 86' lang='lat' dir='ltr'><strong>T.</strong></span> <span class='ocrx_word' id='word_1_44' title='bbox 919 793 977 840; x_wconf 94' lang='grc' dir='ltr'><strong>ιιι.</strong></span> <span class='ocrx_word' id='word_1_45' title='bbox 999 795 1033 858; x_wconf 91' lang='lat' dir='ltr'><strong>p.</strong></span> <span class='ocrx_word' id='word_1_46' title='bbox 1048 773 1103 839; x_wconf 82' lang='grc'><strong>89.</strong></span> <span class='ocrx_word' id='word_1_47' title='bbox 1117 791 1197 857; x_wconf 65' lang='grc' dir='ltr'><strong>ειη.</strong></span> <span class='ocrx_word' id='word_1_48' title='bbox 1234 772 1325 854; x_wconf 71' lang='lat' dir='ltr'><strong>Ipsa</strong></span> <span class='ocrx_word' id='word_1_49' title='bbox 1402 766 1403 849; x_wconf 56' lang='lat' dir='ltr'><strong>l</strong></span> 
     </span>
     <span class='ocr_line' id='line_1_7' title="bbox 206 874 1326 967; baseline -0.007 -21"><span class='ocrx_word' id='word_1_50' title='bbox 206 882 338 966; x_wconf 69' lang='lat' dir='ltr'><strong>poetria</strong></span> <span class='ocrx_word' id='word_1_51' title='bbox 350 885 498 967; x_wconf 89' lang='lat' dir='ltr'><strong>impense</strong></span> <span class='ocrx_word' id='word_1_52' title='bbox 511 882 667 948; x_wconf 89' lang='lat' dir='ltr'><strong>laudatur</strong></span> <span class='ocrx_word' id='word_1_53' title='bbox 688 901 710 944; x_wconf 87' lang='lat' dir='ltr'><strong>a</strong></span> <span class='ocrx_word' id='word_1_54' title='bbox 725 879 874 944; x_wconf 78' lang='lat' dir='ltr'>Martiali</span> <span class='ocrx_word' id='word_1_55' title='bbox 887 901 923 944; x_wconf 83' lang='lat' dir='ltr'><strong>x·</strong></span> <span class='ocrx_word' id='word_1_56' title='bbox 936 874 990 943; x_wconf 77' lang='grc'><strong>85.</strong></span> <span class='ocrx_word' id='word_1_57' title='bbox 1004 883 1039 942; x_wconf 87' lang='lat' dir='ltr'><strong>et</strong></span> <span class='ocrx_word' id='word_1_58' title='bbox 1050 875 1105 942; x_wconf 82' lang='lat'><strong>38.</strong></span> <span class='ocrx_word' id='word_1_59' title='bbox 1120 882 1155 939; x_wconf 85' lang='lat' dir='ltr'><strong>et</strong></span> <span class='ocrx_word' id='word_1_60' title='bbox 1168 874 1326 956; x_wconf 71' lang='lat' dir='ltr'><strong>Scaliger</strong></span> 
     </span>
    </p>
   </div>
   <div class='ocr_carea' id='block_1_5' title="bbox 207 977 1328 1171">
    <p class='ocr_par' dir='ltr' id='par_1_5' title="bbox 207 977 1328 1171">
     <span class='ocr_line' id='line_1_8' title="bbox 207 977 1328 1068; baseline -0.006 -21"><span class='ocrx_word' id='word_1_61' title='bbox 207 983 243 1047; x_wconf 89' lang='lat' dir='ltr'><strong>in</strong></span> <span class='ocrx_word' id='word_1_62' title='bbox 254 984 488 1068; x_wconf 86' lang='lat' dir='ltr'><strong>Hypercritico</strong></span> <span class='ocrx_word' id='word_1_63' title='bbox 502 991 624 1062; x_wconf 88' lang='lat' dir='ltr'><strong>monet,</strong></span> <span class='ocrx_word' id='word_1_64' title='bbox 648 987 658 1018; x_wconf 91' lang='lat'>‘</span> <span class='ocrx_word' id='word_1_65' title='bbox 673 984 708 1047; x_wconf 93' lang='lat' dir='ltr'><strong>in</strong></span> <span class='ocrx_word' id='word_1_66' title='bbox 721 1000 765 1046; x_wconf 87' lang='lat' dir='ltr'><strong>ea</strong></span> <span class='ocrx_word' id='word_1_67' title='bbox 780 981 921 1045; x_wconf 90' lang='lat' dir='ltr'><strong>multum</strong></span> <span class='ocrx_word' id='word_1_68' title='bbox 935 980 1138 1045; x_wconf 70' lang='lat' dir='ltr'><strong>dexteritatis</strong></span> <span class='ocrx_word' id='word_1_69' title='bbox 1151 977 1196 1041; x_wconf 93' lang='lat' dir='ltr'><strong>ad</strong></span> <span class='ocrx_word' id='word_1_70' title='bbox 1210 977 1328 1041; x_wconf 86' lang='lat' dir='ltr'><strong>satiri·</strong></span> 
     </span>
     <span class='ocr_line' id='line_1_9' title="bbox 208 1079 1326 1171; baseline -0.006 -21"><span class='ocrx_word' id='word_1_71' title='bbox 208 1101 284 1150; x_wconf 85' lang='lat' dir='ltr'><strong>cam</strong></span> <span class='ocrx_word' id='word_1_72' title='bbox 298 1087 546 1152; x_wconf 82' lang='lat' dir='ltr'><strong>amarulentium</strong></span> <span class='ocrx_word' id='word_1_73' title='bbox 562 1086 740 1171; x_wconf 81' lang='lat' dir='ltr'><strong>aspirantis</strong></span> <span class='ocrx_word' id='word_1_74' title='bbox 764 1103 852 1162; x_wconf 88' lang='lat' dir='ltr'><strong>esse,</strong></span> <span class='ocrx_word' id='word_1_75' title='bbox 876 1101 1032 1147; x_wconf 90' lang='lat' dir='ltr'><strong>numeros</strong></span> <span class='ocrx_word' id='word_1_76' title='bbox 1047 1101 1138 1159; x_wconf 84' lang='lat' dir='ltr'><strong>vero,</strong></span> <span class='ocrx_word' id='word_1_77' title='bbox 1163 1088 1204 1145; x_wconf 90' lang='lat' dir='ltr'><strong>ut</strong></span> <span class='ocrx_word' id='word_1_78' title='bbox 1224 1079 1260 1144; x_wconf 88' lang='lat' dir='ltr'><strong>in</strong></span> <span class='ocrx_word' id='word_1_79' title='bbox 1279 1097 1326 1142; x_wconf 84' lang='lat' dir='ltr'><strong>eu</strong></span> 
     </span>
    </p>
   </div>
   <div class='ocr_carea' id='block_1_6' title="bbox 199 1182 1403 1272">
    <p class='ocr_par' dir='ltr' id='par_1_6' title="bbox 199 1182 1403 1272">
     <span class='ocr_line' id='line_1_10' title="bbox 199 1182 1403 1272; baseline -0.012 -16"><span class='ocrx_word' id='word_1_80' title='bbox 199 1207 322 1270; x_wconf 78' lang='lat' dir='ltr'><strong>‚genere</strong></span> <span class='ocrx_word' id='word_1_81' title='bbox 343 1189 520 1272; x_wconf 69' lang='lat' dir='ltr'><strong>poematia,</strong></span> <span class='ocrx_word' id='word_1_82' title='bbox 539 1209 605 1252; x_wconf 91' lang='lat' dir='ltr'><strong>non</strong></span> <span class='ocrx_word' id='word_1_83' title='bbox 627 1185 908 1252; x_wconf 67' lang='lat' dir='ltr'><strong>contemnendos?</strong></span> <span class='ocrx_word' id='word_1_84' title='bbox 952 1185 1079 1250; x_wconf 80' lang='lat' dir='ltr'><strong>Contra</strong></span> <span class='ocrx_word' id='word_1_85' title='bbox 1093 1182 1326 1249; x_wconf 84' lang='lat' dir='ltr'><strong>Casaubonus</strong></span> <span class='ocrx_word' id='word_1_86' title='bbox 1402 1184 1403 1223; x_wconf 69' lang='lat' dir='ltr'><strong>l</strong></span> 
     </span>
    </p>
   </div>
   <div class='ocr_carea' id='block_1_7' title="bbox 208 1285 1324 1375">
    <p class='ocr_par' dir='ltr' id='par_1_7' title="bbox 208 1285 1324 1375">
     <span class='ocr_line' id='line_1_11' title="bbox 208 1285 1324 1375; baseline -0.006 -21"><span class='ocrx_word' id='word_1_87' title='bbox 208 1287 251 1354; x_wconf 85' lang='lat' dir='ltr'><strong>de</strong></span> <span class='ocrx_word' id='word_1_88' title='bbox 265 1288 336 1354; x_wconf 82' lang='lat' dir='ltr'><strong>Sat.</strong></span> <span class='ocrx_word' id='word_1_89' title='bbox 353 1289 454 1354; x_wconf 88' lang='lat' dir='ltr'><strong>Rom.</strong></span> <span class='ocrx_word' id='word_1_90' title='bbox 476 1312 512 1375; x_wconf 92' lang='lat' dir='ltr'><strong>p.</strong></span> <span class='ocrx_word' id='word_1_91' title='bbox 526 1289 603 1355; x_wconf 77' lang='lat'><strong>236.</strong></span> <span class='ocrx_word' id='word_1_92' title='bbox 626 1285 683 1351; x_wconf 89' lang='lat' dir='ltr'><strong>‘N</strong></span> <span class='ocrx_word' id='word_1_93' title='bbox 685 1307 730 1352; x_wconf 90' lang='lat' dir='ltr'><strong>on</strong></span> <span class='ocrx_word' id='word_1_94' title='bbox 747 1290 904 1353; x_wconf 83' lang='lat' dir='ltr'><strong>erraverit</strong></span> <span class='ocrx_word' id='word_1_95' title='bbox 920 1287 1053 1372; x_wconf 88' lang='lat' dir='ltr'><strong>judicio</strong></span> <span class='ocrx_word' id='word_1_96' title='bbox 1075 1287 1175 1365; x_wconf 89' lang='lat' dir='ltr'><strong>meo,’</strong></span> <span class='ocrx_word' id='word_1_97' title='bbox 1197 1285 1324 1368; x_wconf 87' lang='lat' dir='ltr'><strong>inquit,</strong></span> 
     </span>
    </p>
   </div>
   <div class='ocr_carea' id='block_1_8' title="bbox 209 1389 1403 1474">
    <p class='ocr_par' dir='ltr' id='par_1_8' title="bbox 209 1389 1403 1474">
     <span class='ocr_line' id='line_1_12' title="bbox 209 1389 1403 1474; baseline -0.003 -18"><span class='ocrx_word' id='word_1_98' title='bbox 209 1394 292 1474; x_wconf 87' lang='lat' dir='ltr'><strong>‘qui</strong></span> <span class='ocrx_word' id='word_1_99' title='bbox 316 1391 460 1456; x_wconf 87' lang='lat' dir='ltr'><strong>Satiram</strong></span> <span class='ocrx_word' id='word_1_100' title='bbox 485 1392 519 1456; x_wconf 91' lang='lat' dir='ltr'><strong>id</strong></span> <span class='ocrx_word' id='word_1_101' title='bbox 549 1389 672 1474; x_wconf 77' lang='lat' dir='ltr'><strong>potima</strong></span> <span class='ocrx_word' id='word_1_102' title='bbox 696 1390 934 1456; x_wconf 80' lang='lat' dir='ltr'><strong>nominaverit:</strong></span> <span class='ocrx_word' id='word_1_103' title='bbox 965 1391 1185 1455; x_wconf 90' lang='lat' dir='ltr'><strong>eruditionem</strong></span> <span class='ocrx_word' id='word_1_104' title='bbox 1208 1396 1326 1454; x_wconf 85' lang='lat' dir='ltr'><strong>tamen</strong></span> <span class='ocrx_word' id='word_1_105' title='bbox 1402 1422 1403 1453; x_wconf 71' lang='grc' dir='ltr'><strong>ι</strong></span> 
     </span>
    </p>
   </div>
   <div class='ocr_carea' id='block_1_9' title="bbox 208 1489 1325 1575">
    <p class='ocr_par' dir='ltr' id='par_1_9' title="bbox 208 1489 1325 1575">
     <span class='ocr_line' id='line_1_13' title="bbox 208 1489 1325 1575; baseline -0.003 -19"><span class='ocrx_word' id='word_1_106' title='bbox 208 1497 243 1556; x_wconf 90' lang='lat' dir='ltr'><strong>et</strong></span> <span class='ocrx_word' id='word_1_107' title='bbox 255 1493 450 1574; x_wconf 79' lang='lat' dir='ltr'><strong>probitatem</strong></span> <span class='ocrx_word' id='word_1_108' title='bbox 459 1493 674 1557; x_wconf 84' lang='lat' dir='ltr'><strong>nobilissimm</strong></span> <span class='ocrx_word' id='word_1_109' title='bbox 689 1490 836 1556; x_wconf 85' lang='lat' dir='ltr'><strong>foeminae</strong></span> <span class='ocrx_word' id='word_1_110' title='bbox 847 1511 892 1555; x_wconf 82' lang='lat' dir='ltr'><strong>ex</strong></span> <span class='ocrx_word' id='word_1_111' title='bbox 901 1493 1047 1556; x_wconf 84' lang='lat' dir='ltr'><strong>carmine</strong></span> <span class='ocrx_word' id='word_1_112' title='bbox 1059 1493 1174 1575; x_wconf 89' lang='lat' dir='ltr'><strong>potius</strong></span> <span class='ocrx_word' id='word_1_113' title='bbox 1187 1489 1325 1561; x_wconf 84' lang='lat' dir='ltr'><strong>laudes,</strong></span> 
     </span>
    </p>
   </div>
   <div class='ocr_carea' id='block_1_10' title="bbox 209 1589 1403 2085">
    <p class='ocr_par' dir='ltr' id='par_1_10' title="bbox 209 1589 1403 2085">
     <span class='ocr_line' id='line_1_14' title="bbox 209 1589 1325 1677; baseline -0.004 -21"><span class='ocrx_word' id='word_1_114' title='bbox 209 1611 310 1677; x_wconf 90' lang='lat' dir='ltr'><strong>quam</strong></span> <span class='ocrx_word' id='word_1_115' title='bbox 333 1596 549 1659; x_wconf 87' lang='lat' dir='ltr'><strong>acrimoniam</strong></span> <span class='ocrx_word' id='word_1_116' title='bbox 571 1601 604 1660; x_wconf 90' lang='lat' dir='ltr'><strong>et</strong></span> <span class='ocrx_word' id='word_1_117' title='bbox 626 1594 669 1659; x_wconf 89' lang='lat' dir='ltr'><strong>ad</strong></span> <span class='ocrx_word' id='word_1_118' title='bbox 698 1594 851 1658; x_wconf 82' lang='lat' dir='ltr'><strong>satiricos</strong></span> <span class='ocrx_word' id='word_1_119' title='bbox 872 1613 1005 1659; x_wconf 90' lang='lat' dir='ltr'><strong>morsus</strong></span> <span class='ocrx_word' id='word_1_120' title='bbox 1025 1593 1162 1674; x_wconf 67' lang='grc' dir='ltr'><strong>ἐὐφυΐαις</strong></span> <span class='ocrx_word' id='word_1_121' title='bbox 1187 1589 1325 1658; x_wconf 83' lang='lat' dir='ltr'><strong>lacertis</strong></span> 
     </span>
     <span class='ocr_line' id='line_1_15' title="bbox 210 1688 1403 1782; baseline -0.005 -24"><span class='ocrx_word' id='word_1_122' title='bbox 210 1695 299 1758; x_wconf 86' lang='lat' dir='ltr'><strong>enim</strong></span> <span class='ocrx_word' id='word_1_123' title='bbox 313 1703 405 1761; x_wconf 85' lang='lat' dir='ltr'><strong>caret</strong></span> <span class='ocrx_word' id='word_1_124' title='bbox 418 1699 525 1762; x_wconf 91' lang='lat' dir='ltr'><strong>oratio</strong></span> <span class='ocrx_word' id='word_1_125' title='bbox 540 1702 574 1761; x_wconf 91' lang='lat' dir='ltr'><strong>et</strong></span> <span class='ocrx_word' id='word_1_126' title='bbox 592 1698 774 1782; x_wconf 76' lang='grc' dir='ltr'><strong>ἂγωνιστικῷ</strong></span> <span class='ocrx_word' id='word_1_127' title='bbox 795 1696 936 1779; x_wconf 70' lang='lat' dir='ltr'><strong>spiritu!</strong></span> <span class='ocrx_word' id='word_1_128' title='bbox 968 1695 1023 1761; x_wconf 84' lang='lat' dir='ltr'><strong>cf.</strong></span> <span class='ocrx_word' id='word_1_129' title='bbox 1037 1695 1245 1760; x_wconf 87' lang='lat' dir='ltr'><strong>Wemsdorf.</strong></span> <span class='ocrx_word' id='word_1_130' title='bbox 1259 1694 1284 1756; x_wconf 85' lang='lat' dir='ltr'><strong>l.</strong></span> <span class='ocrx_word' id='word_1_131' title='bbox 1299 1691 1323 1754; x_wconf 93' lang='lat' dir='ltr'><strong>l.</strong></span> <span class='ocrx_word' id='word_1_132' title='bbox 1402 1688 1403 1753; x_wconf 72' lang='lat' dir='ltr'><strong>l</strong></span> 
     </span>
     <span class='ocr_line' id='line_1_16' title="bbox 209 1795 1403 1883; baseline 0.001 -23"><span class='ocrx_word' id='word_1_133' title='bbox 209 1816 244 1879; x_wconf 85' lang='lat' dir='ltr'><strong>p.</strong></span> <span class='ocrx_word' id='word_1_134' title='bbox 261 1813 325 1862; x_wconf 79' lang='lat' dir='ltr'><strong>ux.</strong></span> <span class='ocrx_word' id='word_1_135' title='bbox 339 1799 564 1882; x_wconf 75' lang='lat' dir='ltr'><strong>sq.-&#39;l.&#39;uccn</strong></span> <span class='ocrx_word' id='word_1_136' title='bbox 583 1801 716 1883; x_wconf 89' lang='lat' dir='ltr'><strong>ineptus</strong></span> <span class='ocrx_word' id='word_1_137' title='bbox 737 1799 800 1864; x_wconf 87' lang='lat' dir='ltr'><strong>luit</strong></span> <span class='ocrx_word' id='word_1_138' title='bbox 813 1799 1077 1883; x_wconf 84' lang='lat' dir='ltr'><strong>Satirograpbus,</strong></span> <span class='ocrx_word' id='word_1_139' title='bbox 1101 1799 1136 1863; x_wconf 90' lang='lat' dir='ltr'><strong>et</strong></span> <span class='ocrx_word' id='word_1_140' title='bbox 1154 1795 1325 1860; x_wconf 80' lang='lat' dir='ltr'><strong>deridetur</strong></span> <span class='ocrx_word' id='word_1_141' title='bbox 1402 1798 1403 1861; x_wconf 84' lang='lat'><em>3</em></span> 
     </span>
     <span class='ocr_line' id='line_1_17' title="bbox 209 1897 1403 1986; baseline -0.005 -20"><span class='ocrx_word' id='word_1_142' title='bbox 209 1919 231 1966; x_wconf 87' lang='lat' dir='ltr'><strong>a</strong></span> <span class='ocrx_word' id='word_1_143' title='bbox 246 1899 394 1966; x_wconf 86' lang='lat' dir='ltr'><strong>Martiali</strong></span> <span class='ocrx_word' id='word_1_144' title='bbox 410 1901 548 1968; x_wconf 79' lang='lat' dir='ltr'><strong>xr1.95.</strong></span> <span class='ocrx_word' id='word_1_145' title='bbox 563 1902 606 1966; x_wconf 90' lang='lat' dir='ltr'><strong>al.</strong></span> <span class='ocrx_word' id='word_1_146' title='bbox 621 1902 677 1966; x_wconf 88' lang='grc'><strong>94.</strong></span> <span class='ocrx_word' id='word_1_147' title='bbox 700 1905 735 1965; x_wconf 89' lang='lat' dir='ltr'><strong>et</strong></span> <span class='ocrx_word' id='word_1_148' title='bbox 756 1901 800 1965; x_wconf 90' lang='lat' dir='ltr'><strong>al.</strong></span> <span class='ocrx_word' id='word_1_149' title='bbox 822 1901 877 1966; x_wconf 84' lang='grc'><strong>96.</strong></span> <span class='ocrx_word' id='word_1_150' title='bbox 900 1921 919 1965; x_wconf 92' lang='lat' dir='ltr'><strong>e</strong></span> <span class='ocrx_word' id='word_1_151' title='bbox 942 1901 1037 1986; x_wconf 89' lang='lat' dir='ltr'><strong>cujus</strong></span> <span class='ocrx_word' id='word_1_152' title='bbox 1051 1902 1155 1984; x_wconf 79' lang='lat' dir='ltr'><strong>epigr.</strong></span> <span class='ocrx_word' id='word_1_153' title='bbox 1169 1916 1271 1962; x_wconf 85' lang='lat' dir='ltr'><strong>versu</strong></span> <span class='ocrx_word' id='word_1_154' title='bbox 1286 1897 1325 1960; x_wconf 81' lang='lat'><strong>7·</strong></span> <span class='ocrx_word' id='word_1_155' title='bbox 1402 1912 1403 1915; x_wconf 73' lang='grc'>’</span> 
     </span>
     <span class='ocr_line' id='line_1_18' title="bbox 209 2001 1403 2085; baseline -0.003 -19"><span class='ocrx_word' id='word_1_156' title='bbox 209 2007 234 2078; x_wconf 75' lang='lat' dir='ltr'><strong>t‘</strong></span> <span class='ocrx_word' id='word_1_157' title='bbox 247 2001 420 2068; x_wconf 84' lang='lat' dir='ltr'><strong>Audemus</strong></span> <span class='ocrx_word' id='word_1_158' title='bbox 436 2003 584 2070; x_wconf 81' lang='lat' dir='ltr'><strong>Satires:</strong></span> <span class='ocrx_word' id='word_1_159' title='bbox 607 2003 758 2068; x_wconf 85' lang='lat' dir='ltr'><strong>Lucilius</strong></span> <span class='ocrx_word' id='word_1_160' title='bbox 773 2023 849 2067; x_wconf 89' lang='lat' dir='ltr'><strong>esse</strong></span> <span class='ocrx_word' id='word_1_161' title='bbox 870 2002 1028 2078; x_wconf 86' lang='lat' dir='ltr'><strong>laboras’)</strong></span> <span class='ocrx_word' id='word_1_162' title='bbox 1050 2001 1274 2066; x_wconf 84' lang='lat' dir='ltr'><strong>Casaubonus</strong></span> <span class='ocrx_word' id='word_1_163' title='bbox 1286 2003 1323 2062; x_wconf 87' lang='lat' dir='ltr'><strong>et</strong></span> <span class='ocrx_word' id='word_1_164' title='bbox 1402 2012 1403 2085; x_wconf 74' lang='lat' dir='ltr'>j</span> 
     </span>
    </p>
   </div>
   <div class='ocr_carea' id='block_1_11' title="bbox 211 2091 1322 2190">
    <p class='ocr_par' dir='ltr' id='par_1_11' title="bbox 211 2091 1322 2190">
     <span class='ocr_line' id='line_1_19' title="bbox 211 2091 1322 2190; baseline -0.001 -23"><span class='ocrx_word' id='word_1_165' title='bbox 211 2091 416 2171; x_wconf 62' lang='lat' dir='ltr'><strong>Wernsd&#39;orf.</strong></span> <span class='ocrx_word' id='word_1_166' title='bbox 440 2125 614 2190; x_wconf 85' lang='lat' dir='ltr'><strong>perperam</strong></span> <span class='ocrx_word' id='word_1_167' title='bbox 634 2104 843 2187; x_wconf 79' lang='lat' dir='ltr'><strong>colligebant,</strong></span> <span class='ocrx_word' id='word_1_168' title='bbox 866 2104 1069 2183; x_wconf 85' lang='lat' dir='ltr'><strong>Martialem,</strong></span> <span class='ocrx_word' id='word_1_169' title='bbox 1088 2106 1118 2169; x_wconf 90' lang='lat' dir='ltr'><strong>si</strong></span> <span class='ocrx_word' id='word_1_170' title='bbox 1140 2124 1217 2168; x_wconf 89' lang='lat' dir='ltr'><strong>enm</strong></span> <span class='ocrx_word' id='word_1_171' title='bbox 1231 2101 1322 2167; x_wconf 77' lang='lat' dir='ltr'><strong>serio</strong></span> 
     </span>
    </p>
   </div>
   <div class='ocr_carea' id='block_1_12' title="bbox 210 2206 1403 2292">
    <p class='ocr_par' dir='ltr' id='par_1_12' title="bbox 210 2206 1403 2292">
     <span class='ocr_line' id='line_1_20' title="bbox 210 2206 1403 2292; baseline -0.004 -21"><span class='ocrx_word' id='word_1_172' title='bbox 210 2207 391 2290; x_wconf 74' lang='lat' dir='ltr'><strong>scripserit,</strong></span> <span class='ocrx_word' id='word_1_173' title='bbox 413 2211 527 2292; x_wconf 87' lang='lat' dir='ltr'><strong>ipsum</strong></span> <span class='ocrx_word' id='word_1_174' title='bbox 541 2225 674 2292; x_wconf 86' lang='lat' dir='ltr'><strong>quoque</strong></span> <span class='ocrx_word' id='word_1_175' title='bbox 688 2207 896 2272; x_wconf 83' lang='lat' dir='ltr'><strong>satiricorum</strong></span> <span class='ocrx_word' id='word_1_176' title='bbox 910 2206 1085 2291; x_wconf 70' lang='lat' dir='ltr'><strong>poitarnm</strong></span> <span class='ocrx_word' id='word_1_177' title='bbox 1109 2209 1213 2272; x_wconf 90' lang='lat' dir='ltr'><strong>cboro</strong></span> <span class='ocrx_word' id='word_1_178' title='bbox 1232 2208 1323 2269; x_wconf 89' lang='lat' dir='ltr'><strong>inse·</strong></span> <span class='ocrx_word' id='word_1_179' title='bbox 1402 2226 1403 2235; x_wconf 66' lang='lat'><strong>.</strong></span> 
     </span>
    </p>
   </div>
   <div class='ocr_carea' id='block_1_13' title="bbox 210 2307 1323 2392">
    <p class='ocr_par' dir='ltr' id='par_1_13' title="bbox 210 2307 1323 2392">
     <span class='ocr_line' id='line_1_21' title="bbox 210 2307 1323 2392; baseline -0.004 -18"><span class='ocrx_word' id='word_1_180' title='bbox 210 2307 346 2376; x_wconf 83' lang='lat' dir='ltr'><strong>rendum</strong></span> <span class='ocrx_word' id='word_1_181' title='bbox 373 2329 458 2377; x_wconf 88' lang='lat' dir='ltr'><strong>esse.</strong></span> <span class='ocrx_word' id='word_1_182' title='bbox 511 2307 579 2388; x_wconf 80' lang='lat' dir='ltr'><strong>Qui</strong></span> <span class='ocrx_word' id='word_1_183' title='bbox 605 2312 711 2374; x_wconf 89' lang='lat' dir='ltr'><strong>totum</strong></span> <span class='ocrx_word' id='word_1_184' title='bbox 732 2309 906 2391; x_wconf 84' lang='lat' dir='ltr'><strong>perlegerit</strong></span> <span class='ocrx_word' id='word_1_185' title='bbox 931 2309 1148 2392; x_wconf 78' lang='lat' dir='ltr'><strong>epigramma,</strong></span> <span class='ocrx_word' id='word_1_186' title='bbox 1177 2325 1247 2372; x_wconf 88' lang='lat' dir='ltr'><strong>nou</strong></span> <span class='ocrx_word' id='word_1_187' title='bbox 1272 2308 1323 2371; x_wconf 83' lang='lat' dir='ltr'><strong>ita</strong></span> 
     </span>
    </p>
   </div>
   <div class='ocr_carea' id='block_1_14' title="bbox 203 2409 1403 2496">
    <p class='ocr_par' dir='ltr' id='par_1_14' title="bbox 203 2409 1403 2496">
     <span class='ocr_line' id='line_1_22' title="bbox 203 2409 1403 2496; baseline -0.003 -20"><span class='ocrx_word' id='word_1_188' title='bbox 203 2413 573 2496; x_wconf 76' lang='lat' dir='ltr'><strong>judicabin-Mnunn</strong></span> <span class='ocrx_word' id='word_1_189' title='bbox 584 2411 739 2476; x_wconf 82' lang='lat' dir='ltr'><strong>Vortscr</strong></span> <span class='ocrx_word' id='word_1_190' title='bbox 754 2412 920 2494; x_wconf 85' lang='lat' dir='ltr'><strong>ingenium</strong></span> <span class='ocrx_word' id='word_1_191' title='bbox 934 2417 968 2476; x_wconf 89' lang='lat' dir='ltr'><strong>ct</strong></span> <span class='ocrx_word' id='word_1_192' title='bbox 981 2409 1024 2476; x_wconf 91' lang='lat' dir='ltr'><strong>ad</strong></span> <span class='ocrx_word' id='word_1_193' title='bbox 1037 2409 1106 2475; x_wconf 88' lang='lat' dir='ltr'><strong>alia</strong></span> <span class='ocrx_word' id='word_1_194' title='bbox 1117 2411 1278 2488; x_wconf 86' lang='lat' dir='ltr'><strong>carmina,</strong></span> <span class='ocrx_word' id='word_1_195' title='bbox 1288 2416 1323 2473; x_wconf 89' lang='lat' dir='ltr'><strong>et</strong></span> <span class='ocrx_word' id='word_1_196' title='bbox 1402 2430 1403 2453; x_wconf 39' lang='grc' dir='ltr'><strong>ι</strong></span> 
     </span>
    </p>
   </div>
   <div class='ocr_carea' id='block_1_15' title="bbox 211 2512 1323 3615">
    <p class='ocr_par' dir='ltr' id='par_1_15' title="bbox 211 2512 1323 2986">
     <span class='ocr_line' id='line_1_23' title="bbox 211 2512 1321 2597; baseline -0.002 -19"><span class='ocrx_word' id='word_1_197' title='bbox 211 2514 255 2578; x_wconf 90' lang='lat' dir='ltr'><strong>ad</strong></span> <span class='ocrx_word' id='word_1_198' title='bbox 279 2515 407 2580; x_wconf 84' lang='lat' dir='ltr'><strong>Satiras</strong></span> <span class='ocrx_word' id='word_1_199' title='bbox 427 2515 620 2580; x_wconf 84' lang='lat' dir='ltr'><strong>scribendas</strong></span> <span class='ocrx_word' id='word_1_200' title='bbox 642 2514 853 2597; x_wconf 88' lang='lat' dir='ltr'><strong>aptissimum</strong></span> <span class='ocrx_word' id='word_1_201' title='bbox 868 2512 998 2577; x_wconf 89' lang='lat' dir='ltr'><strong>Statius</strong></span> <span class='ocrx_word' id='word_1_202' title='bbox 1011 2512 1150 2576; x_wconf 90' lang='lat' dir='ltr'><strong>summis</strong></span> <span class='ocrx_word' id='word_1_203' title='bbox 1162 2512 1321 2577; x_wconf 84' lang='lat' dir='ltr'><strong>laudibus</strong></span> 
     </span>
     <span class='ocr_line' id='line_1_24' title="bbox 211 2613 1322 2700; baseline -0.001 -20"><span class='ocrx_word' id='word_1_204' title='bbox 211 2615 356 2680; x_wconf 81' lang='lat' dir='ltr'><strong>celebrat</strong></span> <span class='ocrx_word' id='word_1_205' title='bbox 368 2618 403 2680; x_wconf 93' lang='lat' dir='ltr'><strong>in</strong></span> <span class='ocrx_word' id='word_1_206' title='bbox 418 2616 511 2700; x_wconf 84' lang='lat' dir='ltr'><strong>Sylv.</strong></span> <span class='ocrx_word' id='word_1_207' title='bbox 525 2631 548 2679; x_wconf 91' lang='grc' dir='ltr'><strong>ι.</strong></span> <span class='ocrx_word' id='word_1_208' title='bbox 562 2617 595 2681; x_wconf 84' lang='grc'><strong>3.</strong></span> <span class='ocrx_word' id='word_1_209' title='bbox 612 2616 688 2680; x_wconf 87' lang='grc'><strong>101.</strong></span> <span class='ocrx_word' id='word_1_210' title='bbox 704 2635 774 2699; x_wconf 86' lang='lat' dir='ltr'><strong>seq.</strong></span> <span class='ocrx_word' id='word_1_211' title='bbox 787 2615 941 2698; x_wconf 85' lang='lat' dir='ltr'><strong>idemque</strong></span> <span class='ocrx_word' id='word_1_212' title='bbox 955 2615 990 2677; x_wconf 91' lang='lat' dir='ltr'><strong>iu</strong></span> <span class='ocrx_word' id='word_1_213' title='bbox 1005 2613 1162 2698; x_wconf 82' lang='lat' dir='ltr'><strong>Epistula</strong></span> <span class='ocrx_word' id='word_1_214' title='bbox 1176 2615 1222 2678; x_wconf 85' lang='lat' dir='ltr'><strong>ad</strong></span> <span class='ocrx_word' id='word_1_215' title='bbox 1235 2615 1322 2679; x_wconf 85' lang='lat' dir='ltr'><strong>Stei-</strong></span> 
     </span>
     <span class='ocr_line' id='line_1_25' title="bbox 211 2716 1323 2804; baseline 0 -22"><span class='ocrx_word' id='word_1_216' title='bbox 211 2716 291 2796; x_wconf 89' lang='lat' dir='ltr'><strong>lam,</strong></span> <span class='ocrx_word' id='word_1_217' title='bbox 314 2717 427 2804; x_wconf 80' lang='lat' dir='ltr'><strong>Sylvis</strong></span> <span class='ocrx_word' id='word_1_218' title='bbox 442 2717 593 2804; x_wconf 87' lang='lat' dir='ltr'><strong>praeflxa,</strong></span> <span class='ocrx_word' id='word_1_219' title='bbox 615 2717 806 2801; x_wconf 88' lang='lat' dir='ltr'><strong>Vopiscum</strong></span> <span class='ocrx_word' id='word_1_220' title='bbox 821 2717 970 2802; x_wconf 85' lang='lat' dir='ltr'><strong>appellat</strong></span> <span class='ocrx_word' id='word_1_221' title='bbox 990 2718 1119 2782; x_wconf 83' lang='lat' dir='ltr'><strong>‘virum</strong></span> <span class='ocrx_word' id='word_1_222' title='bbox 1133 2719 1323 2782; x_wconf 88' lang='lat' dir='ltr'><strong>eruditissi-</strong></span> 
     </span>
     <span class='ocr_line' id='line_1_26' title="bbox 211 2820 1321 2906; baseline 0.001 -22"><span class='ocrx_word' id='word_1_223' title='bbox 211 2839 312 2898; x_wconf 89' lang='lat' dir='ltr'><strong>mum,</strong></span> <span class='ocrx_word' id='word_1_224' title='bbox 334 2822 391 2906; x_wconf 89' lang='lat' dir='ltr'><strong>qui</strong></span> <span class='ocrx_word' id='word_1_225' title='bbox 412 2823 583 2906; x_wconf 83' lang='lat' dir='ltr'><strong>praecipue</strong></span> <span class='ocrx_word' id='word_1_226' title='bbox 596 2821 743 2887; x_wconf 87' lang='lat' dir='ltr'><strong>vindicet</strong></span> <span class='ocrx_word' id='word_1_227' title='bbox 763 2839 785 2884; x_wconf 91' lang='lat' dir='ltr'><strong>a</strong></span> <span class='ocrx_word' id='word_1_228' title='bbox 813 2821 880 2884; x_wconf 86' lang='lat' dir='ltr'><strong>situ</strong></span> <span class='ocrx_word' id='word_1_229' title='bbox 899 2820 1017 2886; x_wconf 88' lang='lat' dir='ltr'><strong>literas</strong></span> <span class='ocrx_word' id='word_1_230' title='bbox 1031 2821 1102 2904; x_wconf 84' lang='lat' dir='ltr'><strong>jam</strong></span> <span class='ocrx_word' id='word_1_231' title='bbox 1117 2839 1219 2903; x_wconf 82' lang='lat' dir='ltr'><strong>paene</strong></span> <span class='ocrx_word' id='word_1_232' title='bbox 1236 2821 1321 2904; x_wconf 79' lang='lat' dir='ltr'><strong>iugi-</strong></span> 
     </span>
     <span class='ocr_line' id='line_1_27' title="bbox 213 2921 325 2986; baseline 0.009 -1"><span class='ocrx_word' id='word_1_233' title='bbox 213 2921 325 2986; x_wconf 76' lang='lat' dir='ltr'><strong>entes’</strong></span> 
     </span>
    </p>

    <p class='ocr_par' dir='ltr' id='par_1_16' title="bbox 213 3023 1322 3615">
     <span class='ocr_line' id='line_1_28' title="bbox 256 3023 1320 3110; baseline 0.004 -23"><span class='ocrx_word' id='word_1_234' title='bbox 256 3023 408 3090; x_wconf 87' lang='lat' dir='ltr'><strong>Satiricis</strong></span> <span class='ocrx_word' id='word_1_235' title='bbox 436 3025 551 3090; x_wconf 88' lang='lat' dir='ltr'><strong>horum</strong></span> <span class='ocrx_word' id='word_1_236' title='bbox 579 3029 764 3110; x_wconf 87' lang='lat' dir='ltr'><strong>temporum</strong></span> <span class='ocrx_word' id='word_1_237' title='bbox 794 3025 905 3110; x_wconf 72' lang='lat' dir='ltr'><strong>poitis</strong></span> <span class='ocrx_word' id='word_1_238' title='bbox 935 3031 1191 3092; x_wconf 67' lang='lat' dir='ltr'><strong>annummntur</strong></span> <span class='ocrx_word' id='word_1_239' title='bbox 1218 3027 1320 3091; x_wconf 85' lang='lat' dir='ltr'><strong>etiam</strong></span> 
     </span>
     <span class='ocr_line' id='line_1_29' title="bbox 215 3121 1320 3211; baseline -0.002 -19"><span class='ocrx_word' id='word_1_240' title='bbox 215 3123 323 3192; x_wconf 78' lang='lat' dir='ltr'><strong>Julius</strong></span> <span class='ocrx_word' id='word_1_241' title='bbox 342 3121 461 3211; x_wconf 79' lang='lat' dir='ltr'><strong>Rufus,</strong></span> <span class='ocrx_word' id='word_1_242' title='bbox 486 3124 651 3204; x_wconf 75' lang='lat' dir='ltr'><strong>Cornutus,</strong></span> <span class='ocrx_word' id='word_1_243' title='bbox 674 3123 799 3192; x_wconf 84' lang='lat' dir='ltr'><strong>Guviru</strong></span> <span class='ocrx_word' id='word_1_244' title='bbox 815 3125 941 3206; x_wconf 78' lang='lat' dir='ltr'><strong>Bassus,</strong></span> <span class='ocrx_word' id='word_1_245' title='bbox 961 3134 995 3194; x_wconf 91' lang='lat' dir='ltr'><strong>et</strong></span> <span class='ocrx_word' id='word_1_246' title='bbox 1009 3125 1175 3206; x_wconf 81' lang='lat' dir='ltr'><strong>Rabirius,</strong></span> <span class='ocrx_word' id='word_1_247' title='bbox 1196 3149 1226 3193; x_wconf 85' lang='lat' dir='ltr'><strong>s.</strong></span> <span class='ocrx_word' id='word_1_248' title='bbox 1250 3127 1320 3192; x_wconf 85' lang='lat' dir='ltr'><strong>Ru-</strong></span> 
     </span>
     <span class='ocr_line' id='line_1_30' title="bbox 213 3227 1322 3317; baseline 0.005 -25"><span class='ocrx_word' id='word_1_249' title='bbox 213 3227 317 3292; x_wconf 73' lang='lat' dir='ltr'><strong>brius:</strong></span> <span class='ocrx_word' id='word_1_250' title='bbox 340 3229 400 3294; x_wconf 91' lang='lat' dir='ltr'><strong>sed</strong></span> <span class='ocrx_word' id='word_1_251' title='bbox 414 3229 526 3302; x_wconf 79' lang='lat' dir='ltr'><strong>Rufus</strong></span> <span class='ocrx_word' id='word_1_252' title='bbox 540 3231 648 3296; x_wconf 84' lang='lat' dir='ltr'><strong>nrrllas</strong></span> <span class='ocrx_word' id='word_1_253' title='bbox 663 3229 748 3295; x_wconf 86' lang='lat' dir='ltr'><strong>forte</strong></span> <span class='ocrx_word' id='word_1_254' title='bbox 763 3230 904 3308; x_wconf 88' lang='lat' dir='ltr'><strong>Satiras,</strong></span> <span class='ocrx_word' id='word_1_255' title='bbox 923 3236 957 3297; x_wconf 90' lang='lat' dir='ltr'><strong>et</strong></span> <span class='ocrx_word' id='word_1_256' title='bbox 969 3230 1088 3317; x_wconf 88' lang='lat' dir='ltr'><strong>reliqui</strong></span> <span class='ocrx_word' id='word_1_257' title='bbox 1102 3232 1200 3309; x_wconf 87' lang='lat' dir='ltr'><strong>alias,</strong></span> <span class='ocrx_word' id='word_1_258' title='bbox 1217 3251 1322 3316; x_wconf 82' lang='lat' dir='ltr'><strong>quam</strong></span> 
     </span>
     <span class='ocr_line' id='line_1_31' title="bbox 213 3329 1322 3418; baseline 0 -20"><span class='ocrx_word' id='word_1_259' title='bbox 213 3329 420 3411; x_wconf 80' lang='lat' dir='ltr'><strong>Lucilianae,</strong></span> <span class='ocrx_word' id='word_1_260' title='bbox 436 3334 610 3418; x_wconf 87' lang='lat' dir='ltr'><strong>scripsere.</strong></span> <span class='ocrx_word' id='word_1_261' title='bbox 655 3333 679 3398; x_wconf 82' lang='lat' dir='ltr'>J</span> <span class='ocrx_word' id='word_1_262' title='bbox 683 3350 764 3398; x_wconf 79' lang='lat' dir='ltr'><strong>uun</strong></span> <span class='ocrx_word' id='word_1_263' title='bbox 788 3332 889 3398; x_wconf 80' lang='lat' dir='ltr'><strong>Ruri</strong></span> <span class='ocrx_word' id='word_1_264' title='bbox 912 3335 1112 3398; x_wconf 90' lang='lat' dir='ltr'><strong>mentionem</strong></span> <span class='ocrx_word' id='word_1_265' title='bbox 1129 3333 1212 3398; x_wconf 84' lang='lat' dir='ltr'><strong>facit</strong></span> <span class='ocrx_word' id='word_1_266' title='bbox 1228 3333 1322 3398; x_wconf 83' lang='lat' dir='ltr'><strong>Mar-</strong></span> 
     </span>
     <span class='ocr_line' id='line_1_32' title="bbox 214 3432 1322 3520; baseline -0.001 -20"><span class='ocrx_word' id='word_1_267' title='bbox 214 3433 305 3500; x_wconf 83' lang='lat' dir='ltr'><strong>tialis</strong></span> <span class='ocrx_word' id='word_1_268' title='bbox 324 3432 359 3498; x_wconf 91' lang='lat' dir='ltr'><strong>in</strong></span> <span class='ocrx_word' id='word_1_269' title='bbox 382 3433 535 3512; x_wconf 91' lang='lat' dir='ltr'><strong>disticho,</strong></span> <span class='ocrx_word' id='word_1_270' title='bbox 550 3435 664 3518; x_wconf 76' lang='lat' dir='ltr'><strong>figurae</strong></span> <span class='ocrx_word' id='word_1_271' title='bbox 689 3435 841 3500; x_wconf 82' lang='lat' dir='ltr'><strong>Socratis</strong></span> <span class='ocrx_word' id='word_1_272' title='bbox 856 3436 1060 3519; x_wconf 87' lang='lat' dir='ltr'><strong>subscripto,</strong></span> <span class='ocrx_word' id='word_1_273' title='bbox 1082 3435 1144 3500; x_wconf 95' lang='lat' dir='ltr'><strong>lib.</strong></span> <span class='ocrx_word' id='word_1_274' title='bbox 1160 3451 1201 3499; x_wconf 87' lang='lat' dir='ltr'><strong>x.</strong></span> <span class='ocrx_word' id='word_1_275' title='bbox 1215 3439 1322 3520; x_wconf 86' lang='lat' dir='ltr'><strong>epigr.</strong></span> 
     </span>
     <span class='ocr_line' id='line_1_33' title="bbox 213 3534 1322 3615; baseline -0.001 -11"><span class='ocrx_word' id='word_1_276' title='bbox 213 3537 268 3604; x_wconf 82' lang='grc'><strong>99.</strong></span> <span class='ocrx_word' id='word_1_277' title='bbox 292 3534 351 3600; x_wconf 90' lang='lat' dir='ltr'><strong>‘Si</strong></span> <span class='ocrx_word' id='word_1_278' title='bbox 367 3534 523 3600; x_wconf 76' lang='lat' dir='ltr'><strong>Romana</strong></span> <span class='ocrx_word' id='word_1_279' title='bbox 542 3536 648 3600; x_wconf 85' lang='lat' dir='ltr'><strong>forent</strong></span> <span class='ocrx_word' id='word_1_280' title='bbox 669 3535 745 3602; x_wconf 80' lang='lat' dir='ltr'><strong>banc</strong></span> <span class='ocrx_word' id='word_1_281' title='bbox 768 3535 917 3601; x_wconf 86' lang='lat' dir='ltr'><strong>Socratis</strong></span> <span class='ocrx_word' id='word_1_282' title='bbox 937 3556 1007 3614; x_wconf 87' lang='lat' dir='ltr'><strong>ora,</strong></span> <span class='ocrx_word' id='word_1_283' title='bbox 1030 3536 1182 3615; x_wconf 84' lang='lat' dir='ltr'><strong>fuissent,</strong></span> <span class='ocrx_word' id='word_1_284' title='bbox 1206 3535 1230 3603; x_wconf 86' lang='lat' dir='ltr'>J</span> <span class='ocrx_word' id='word_1_285' title='bbox 1232 3540 1322 3603; x_wconf 78' lang='lat' dir='ltr'><strong>ulitm</strong></span> 
     </span>
    </p>
   </div>
   <div class='ocr_carea' id='block_1_16' title="bbox 214 3618 1403 3723">
    <p class='ocr_par' dir='ltr' id='par_1_17' title="bbox 214 3618 1403 3723">
     <span class='ocr_line' id='line_1_34' title="bbox 214 3618 1403 3723; baseline 0 -17"><span class='ocrx_word' id='word_1_286' title='bbox 214 3638 391 3723; x_wconf 69' lang='lat' dir='ltr'><strong>assuas</strong></span> <span class='ocrx_word' id='word_1_287' title='bbox 405 3637 641 3722; x_wconf 73' lang='lat' dir='ltr'><strong>qumanana</strong></span> <span class='ocrx_word' id='word_1_288' title='bbox 656 3639 777 3704; x_wconf 70' lang='lat' dir='ltr'><strong>naues</strong></span> <span class='ocrx_word' id='word_1_289' title='bbox 820 3638 1038 3704; x_wconf 73' lang='lat' dir='ltr'><strong>oasauuonus</strong></span> <span class='ocrx_word' id='word_1_290' title='bbox 1060 3637 1103 3703; x_wconf 73' lang='lat' dir='ltr'><strong>ue</strong></span> <span class='ocrx_word' id='word_1_291' title='bbox 1125 3639 1198 3705; x_wconf 78' lang='lat' dir='ltr'><strong>sat.</strong></span> <span class='ocrx_word' id='word_1_292' title='bbox 1216 3638 1321 3706; x_wconf 80' lang='lat' dir='ltr'><strong>Rom.</strong></span> <span class='ocrx_word' id='word_1_293' title='bbox 1402 3618 1403 3637; x_wconf 56' lang='lat'>¹</span> 
     </span>
    </p>
   </div>
   <div class='ocr_carea' id='block_1_17' title="bbox 214 3739 1322 4133">
    <p class='ocr_par' dir='ltr' id='par_1_18' title="bbox 214 3739 1322 4133">
     <span class='ocr_line' id='line_1_35' title="bbox 214 3739 1322 3826; baseline 0.001 -19"><span class='ocrx_word' id='word_1_294' title='bbox 214 3761 251 3826; x_wconf 92' lang='lat' dir='ltr'><strong>p.</strong></span> <span class='ocrx_word' id='word_1_295' title='bbox 264 3741 342 3807; x_wconf 69' lang='lat'><strong>231.</strong></span> <span class='ocrx_word' id='word_1_296' title='bbox 364 3741 544 3820; x_wconf 84' lang='lat' dir='ltr'><strong>existimat,</strong></span> <span class='ocrx_word' id='word_1_297' title='bbox 558 3742 611 3806; x_wconf 89' lang='lat' dir='ltr'><strong>bis</strong></span> <span class='ocrx_word' id='word_1_298' title='bbox 626 3742 737 3807; x_wconf 83' lang='lat' dir='ltr'><strong>verbis</strong></span> <span class='ocrx_word' id='word_1_299' title='bbox 751 3742 946 3825; x_wconf 78' lang='lat' dir='ltr'><strong>gravitatem</strong></span> <span class='ocrx_word' id='word_1_300' title='bbox 962 3739 1044 3805; x_wconf 87' lang='lat' dir='ltr'><strong>Rufi</strong></span> <span class='ocrx_word' id='word_1_301' title='bbox 1060 3739 1096 3804; x_wconf 90' lang='lat' dir='ltr'><strong>iu</strong></span> <span class='ocrx_word' id='word_1_302' title='bbox 1111 3741 1230 3806; x_wconf 86' lang='lat' dir='ltr'><strong>Satiris</strong></span> <span class='ocrx_word' id='word_1_303' title='bbox 1249 3743 1322 3808; x_wconf 82' lang='lat' dir='ltr'><strong>lan-</strong></span> 
     </span>
     <span class='ocr_line' id='line_1_36' title="bbox 215 3841 1320 3920; baseline 0.003 -14"><span class='ocrx_word' id='word_1_304' title='bbox 215 3842 300 3920; x_wconf 86' lang='lat' dir='ltr'><strong>dari,</strong></span> <span class='ocrx_word' id='word_1_305' title='bbox 319 3841 459 3910; x_wconf 84' lang='lat' dir='ltr'><strong>Granius</strong></span> <span class='ocrx_word' id='word_1_306' title='bbox 473 3849 584 3910; x_wconf 86' lang='lat' dir='ltr'><strong>autem</strong></span> <span class='ocrx_word' id='word_1_307' title='bbox 599 3843 681 3909; x_wconf 91' lang='lat' dir='ltr'><strong>ibid.</strong></span> <span class='ocrx_word' id='word_1_308' title='bbox 704 3843 740 3907; x_wconf 91' lang='lat' dir='ltr'><strong>in</strong></span> <span class='ocrx_word' id='word_1_309' title='bbox 754 3849 866 3910; x_wconf 85' lang='lat' dir='ltr'><strong>annot.</strong></span> <span class='ocrx_word' id='word_1_310' title='bbox 889 3847 924 3907; x_wconf 91' lang='lat' dir='ltr'><strong>et</strong></span> <span class='ocrx_word' id='word_1_311' title='bbox 938 3841 1096 3907; x_wconf 77' lang='lat' dir='ltr'><strong>liederus</strong></span> <span class='ocrx_word' id='word_1_312' title='bbox 1111 3842 1155 3906; x_wconf 89' lang='lat' dir='ltr'><strong>ad</strong></span> <span class='ocrx_word' id='word_1_313' title='bbox 1171 3841 1320 3910; x_wconf 77' lang='lat' dir='ltr'><strong>Martini.</strong></span> 
     </span>
     <span class='ocr_line' id='line_1_37' title="bbox 214 3942 1321 4030; baseline 0.006 -22"><span class='ocrx_word' id='word_1_314' title='bbox 214 3942 239 4008; x_wconf 94' lang='lat' dir='ltr'><strong>l.</strong></span> <span class='ocrx_word' id='word_1_315' title='bbox 253 3943 277 4008; x_wconf 92' lang='lat' dir='ltr'><strong>l.</strong></span> <span class='ocrx_word' id='word_1_316' title='bbox 295 3947 513 4030; x_wconf 83' lang='lat' dir='ltr'><strong>suspicantur,</strong></span> <span class='ocrx_word' id='word_1_317' title='bbox 538 3947 623 4010; x_wconf 90' lang='lat' dir='ltr'><strong>bunc</strong></span> <span class='ocrx_word' id='word_1_318' title='bbox 637 3947 743 4011; x_wconf 73' lang='lat' dir='ltr'><strong>vuum</strong></span> <span class='ocrx_word' id='word_1_319' title='bbox 756 3945 921 4009; x_wconf 86' lang='lat' dir='ltr'><strong>illustrem</strong></span> <span class='ocrx_word' id='word_1_320' title='bbox 938 3945 1044 4013; x_wconf 86' lang='lat' dir='ltr'><strong>fuisse</strong></span> <span class='ocrx_word' id='word_1_321' title='bbox 1056 3949 1091 4009; x_wconf 88' lang='lat' dir='ltr'><strong>et</strong></span> <span class='ocrx_word' id='word_1_322' title='bbox 1104 3943 1256 4023; x_wconf 86' lang='lat' dir='ltr'><strong>doctum,</strong></span> <span class='ocrx_word' id='word_1_323' title='bbox 1277 3945 1321 4015; x_wconf 81' lang='lat' dir='ltr'><strong>ad</strong></span> 
     </span>
     <span class='ocr_line' id='line_1_38' title="bbox 215 4044 1322 4133; baseline 0.004 -22"><span class='ocrx_word' id='word_1_324' title='bbox 215 4061 314 4128; x_wconf 77' lang='lat' dir='ltr'><strong>quern</strong></span> <span class='ocrx_word' id='word_1_325' title='bbox 341 4044 472 4112; x_wconf 87' lang='lat' dir='ltr'><strong>Plinius</strong></span> <span class='ocrx_word' id='word_1_326' title='bbox 500 4047 608 4133; x_wconf 84' lang='lat' dir='ltr'><strong>Epist.</strong></span> <span class='ocrx_word' id='word_1_327' title='bbox 638 4066 673 4114; x_wconf 90' lang='lat' dir='ltr'><strong>v.</strong></span> <span class='ocrx_word' id='word_1_328' title='bbox 702 4046 1200 4130; x_wconf 69' lang='lat' dir='ltr'><strong>21.uv11.25.scripsent.</strong></span> <span class='ocrx_word' id='word_1_329' title='bbox 1254 4045 1322 4115; x_wconf 64' lang='lat' dir='ltr'><strong>Sal</strong></span> 
     </span>
    </p>
   </div>
   <div class='ocr_carea' id='block_1_18' title="bbox 209 4143 1322 4239">
    <p class='ocr_par' dir='ltr' id='par_1_19' title="bbox 209 4143 1322 4239">
     <span class='ocr_line' id='line_1_39' title="bbox 209 4143 1322 4239; baseline 0.002 -25"><span class='ocrx_word' id='word_1_330' title='bbox 209 4143 422 4218; x_wconf 68' lang='lat' dir='ltr'><strong>warmunt.</strong></span> <span class='ocrx_word' id='word_1_331' title='bbox 444 4149 466 4216; x_wconf 91' lang='lat' dir='ltr'><strong>l.</strong></span> <span class='ocrx_word' id='word_1_332' title='bbox 480 4149 504 4216; x_wconf 90' lang='lat' dir='ltr'><strong>l.</strong></span> <span class='ocrx_word' id='word_1_333' title='bbox 518 4169 553 4234; x_wconf 85' lang='lat' dir='ltr'><strong>p.</strong></span> <span class='ocrx_word' id='word_1_334' title='bbox 570 4165 667 4228; x_wconf 73' lang='lat' dir='ltr'><strong>xuni.</strong></span> <span class='ocrx_word' id='word_1_335' title='bbox 681 4148 865 4239; x_wconf 76' lang='lat' dir='ltr'><strong>jambam</strong></span> <span class='ocrx_word' id='word_1_336' title='bbox 888 4153 1005 4220; x_wconf 78' lang='lat' dir='ltr'><strong>contra</strong></span> <span class='ocrx_word' id='word_1_337' title='bbox 1025 4147 1158 4218; x_wconf 76' lang='lat' dir='ltr'><strong>casita</strong></span> <span class='ocrx_word' id='word_1_338' title='bbox 1171 4146 1322 4235; x_wconf 52' lang='grc' dir='ltr'><strong>Μαρια·</strong></span> 
     </span>
    </p>
   </div>
   <div class='ocr_carea' id='block_1_19' title="bbox 0 0 1419 4792">
    <p class='ocr_par' dir='ltr' id='par_1_20' title="bbox 0 0 1419 4792">
     <span class='ocr_line' id='line_1_40' title="bbox 0 0 1419 4792; baseline 0 0"><span class='ocrx_word' id='word_1_339' title='bbox 0 0 1419 4792; x_wconf 95' lang='lat' dir='ltr'><strong> </strong></span> 
     </span>
    </p>
   </div>
  </div>
 </body>
</html>
