2817 4792
541 393 749 448 esuriero.
1148 380 1192 451 11

77 552 221 614 ‘menta
241 547 396 614 iacienda
420 549 487 615 sint
515 549 737 616 adolescenti:
768 551 873 616 nolim
900 557 1010 616 iernen
1033 552 1192 635 cuiquam

78 650 249 716 ‘eandem
262 651 424 716 rationem
444 652 578 735 probari
600 654 633 716 in
656 653 731 718 aliis
745 654 882 719 minoris
897 653 1068 737 dignitatis
1088 657 1193 739 scrip·

77 757 91 786 ‘
107 755 245 818 toribus.
290 753 327 816 Si
348 755 484 818 enimin
499 753 652 836 Virgilio,
666 761 703 818 ut
718 755 878 834 diximus,
893 777 968 820 esse
981 763 1092 841 potest
1105 758 1195 825 nuli·

79 858 164 920 ‘tas
192 854 306 938 aliqua
329 857 434 920 variae
457 855 610 920 lectionis
635 855 822 939 diligentius
845 860 946 922 etiarn
970 861 1005 922 in
1027 851 1193 940 obscuris,

81 957 253 1035 ‘levibus
268 962 326 1021 aut
346 956 535 1022 solennibus
560 960 724 1023 erroribus
748 961 926 1044 ascriptae3
949 967 987 1026 ut
1009 964 1195 1045 specimina

81 1061 94 1092 ‘
109 1059 258 1123 babeant
278 1055 503 1124 adolescentes
525 1060 745 1126 festinationis
758 1069 793 1127 et
805 1065 951 1146 stuporis
964 1065 1195 1132 librariorum:

81 1166 94 1196 ‘
110 1181 192 1246 qnae
207 1161 340 1226 tandem
352 1163 387 1226 in
402 1163 489 1240 eliis,
504 1165 686 1246 elabique,
701 1183 777 1230 esse
789 1171 902 1248 potest
913 1166 1040 1231 ritilitas
1053 1173 1194 1234 enotare
1295 1230 1309 1242 ,

80 1264 398 1346 ‘venustatisque
418 1265 539 1330 sivero
558 1265 665 1343 dicas,
684 1267 826 1332 varietas
839 1267 931 1332 nulla
944 1275 1007 1344 cst,
1025 1269 1085 1332 scd
1104 1287 1197 1334 mera

81 1369 93 1399 ‘
109 1365 319 1430 librariorum
334 1366 508 1444 aberratio,
522 1367 665 1434 millenis
678 1369 843 1453 exemplis
856 1367 981 1432 dudum
995 1375 1083 1448 nota,
1097 1371 1198 1436 modo

82 1468 159 1532 ‘ab
184 1468 322 1546 incana,
342 1466 443 1532 modo
462 1469 506 1530 ab
526 1469 725 1552 ignoranda,
749 1470 849 1535 modo
874 1491 896 1534 a
919 1473 1038 1537 sarculi
1062 1473 1199 1538 inscitie

82 1573 93 1602 ‘
109 1569 284 1654 profectui
309 1571 342 1634 in
355 1587 425 1654 qua
438 1570 518 1634 nibil
532 1571 610 1635 novi
624 1578 800 1653 occurrat3
821 1573 902 1636 nibil
924 1573 1014 1656 quod
1033 1593 1099 1638 non
1119 1593 1198 1640 sex·

82 1673 94 1702 ‘
111 1671 237 1734 neubon
248 1671 463 1736 observatum
476 1674 538 1752 sit;
559 1671 640 1738 nibil
655 1673 747 1756 quod
762 1673 908 1757 aliquem
920 1673 1065 1742 fructum
1078 1675 1200 1740 babent

83 1774 173 1836 ‘ant
186 1772 306 1836 hebere
320 1773 437 1856 possit.
482 1773 523 1836 ln
537 1775 654 1856 primis
669 1779 778 1839 autem
799 1775 835 1839 in
854 1777 898 1840 iis
920 1777 1124 1853 auctoribus,
1139 1777 1199 1859 qui
1225 1846 1228 1854 ,

84 1877 95 1906 ‘
106 1875 182 1958 jam
197 1873 315 1937 critica
330 1878 400 1937 arte
415 1879 447 1936 et
460 1875 504 1938 ad
516 1873 688 1940 meliorum
698 1876 855 1940 librorum
869 1877 1075 1960 exemplaria
1088 1897 1199 1940 emen·

84 1979 94 2008 ‘
114 1975 186 2038 dati
207 1977 295 2051 sunt,
313 1993 416 2057 quam
436 1975 609 2040 utilitatem
631 1977 735 2040 studii
757 1984 937 2061 expectare
957 1983 1069 2062 potest
1084 1981 1126 2056 is,
1140 1979 1200 2063 qni

84 2079 96 2110 ‘
114 2079 232 2141 iterum
245 2077 415 2161 vulgarem
431 2077 573 2160 aliquem
582 2083 615 2142 et
629 2077 833 2142 diobolarem
848 2079 998 2144 codicem
1010 2087 1068 2145 aut
1081 2081 1200 2147 editio-

85 2182 191 2242 ‘nem
217 2197 238 2241 a
267 2178 480 2242 somnolentis
508 2179 619 2263 operis
647 2179 866 2263 depravatam
894 2179 1011 2245 sedulo
1037 2183 1199 2260 excutiat,

85 2284 96 2312 ‘
113 2279 305 2362 sphalmata
325 2284 358 2342 et
378 2299 503 2344 errores
525 2285 670 2357 annotet,
691 2286 727 2344 ct
749 2282 800 2344 sic
821 2300 946 2347 noram
965 2301 1002 2346 se
1020 2283 1202 2347 editionem

85 2381 293 2446 ‘adornasse
320 2383 439 2465 puleii
472 2381 593 2446 Nonne
618 2389 714 2464 turpe
742 2387 805 2458 esi,
833 2383 969 2446 brevem
992 2382 1096 2466 hujus
1117 2386 1199 2448 vita

87 2483 261 2548 ‘fructum
285 2483 321 2546 in
357 2481 433 2548 baec
468 2483 686 2567 impendercl
718 2483 752 2546 in
781 2487 850 2545 iam
877 2481 944 2546 late
973 2483 1203 2548 subcrescente

88 2591 99 2620 ‘
117 2605 227 2650 rerum
241 2582 469 2649 discendarum
485 2589 595 2666 segete
609 2601 746 2667 operam
758 2583 794 2646 in
806 2583 904 2665 nugis
917 2583 970 2648 his
987 2588 1201 2650 consumerci

89 2685 246 2752 ‘Verum
260 2689 364 2750 cetea
377 2686 552 2750 multorum
566 2684 693 2768 opinio,
709 2685 800 2748 nullo
822 2686 923 2748 animi
942 2685 1070 2769 Judicio
1087 2688 1204 2771 explo-

88 2793 202 2866 ‘reta
217 2792 253 2852 ut
266 2793 380 2870 putent
400 2787 483 2852 satis
505 2805 591 2866 esse,
615 2789 644 2852 si
667 2786 767 2852 modo
789 2787 942 2851 codicem
954 2787 1010 2851 vel
1022 2786 1204 2854 editionem

88 2895 100 2924 ‘
116 2895 262 2955 veterem
276 2887 505 2954 conserendam
519 2888 681 2970 babeant3
704 2889 740 2956 id
758 2894 880 2968 autem,
894 2887 987 2973 qnod
1007 2889 1115 2973 prbno
1127 2891 1204 2974 loco

88 2995 100 3026 ‘
116 2991 327 3056 considerare
342 2991 518 3068 debebant,
534 2991 619 3056 sitne
633 2991 663 3054 is
677 2991 764 3056 liber
776 3010 873 3057 novae
898 2999 958 3056 aut
970 2990 1203 3060 emendatioris

87 3094 280 3172 ‘lectionis
295 3093 370 3159 fons
383 3093 439 3159 rel
459 3091 694 3176 adjumentum,
718 3095 778 3160 vix
799 3094 835 3157 in
857 3092 1002 3158 animum
1016 3093 1202 3160 admittant.

87 3201 97 3231 ‘
113 3195 235 3280 Atqui,
250 3202 286 3262 ui
304 3197 369 3262 hoc
391 3196 545 3279 exemplo
567 3201 651 3274 utar,
673 3193 808 3278 Virgilii
831 3202 994 3262 trecentos
1014 3196 1150 3262 codices
1169 3201 1205 3261 et

89 3297 284 3364 ‘editiones
305 3303 434 3364 veteres
455 3295 520 3362 boc
545 3301 701 3382 respectu
726 3299 787 3362 vix
808 3295 927 3380 dignas
949 3297 1095 3376 babebit,
1119 3310 1205 3382 qun

90 3405 101 3434 ‘
117 3401 290 3484 inspiciat,
304 3403 345 3478 is,
360 3400 419 3484 qui
432 3417 500 3464 non
515 3399 559 3464 ad
573 3399 741 3483 vulgarem
754 3398 947 3482 opinionem
960 3399 1127 3485 judicium
1139 3399 1204 3466 sibi

88 3507 101 3536 ‘
117 3503 240 3568 mentis
253 3501 519 3568 constituendum
533 3502 647 3584 putet!
690 3501 781 3579 Alia,
800 3520 867 3565 non
883 3501 993 3566 minus
1006 3499 1108 3583 digna
1127 3519 1205 3585 quen

89 3603 257 3686 legantur,
271 3603 308 3669 in
321 3623 395 3670 eam
407 3623 477 3668 rem
488 3603 674 3688 disputadt
686 3604 808 3689 Heyne
816 3603 853 3666 in
866 3601 1004 3668 Praefat.
1014 3621 1113 3668 nora
1124 3602 1206 3668 edit.

91 3702 214 3786 virgil.
235 3703 277 3768 Τ.
300 3721 325 3766 1.
350 3724 427 3788 pag.
458 3721 592 3770 xxvru
619 3724 672 3789 sq.
693 3706 753 3772 ubi
776 3705 878 3770 etiam
901 3724 981 3788 pag.
998 3718 1105 3767 cxvi.
1130 3701 1207 3768 been

91 3803 243 3872 baderit
256 3803 361 3871 rerba
373 3805 521 3872 Plantini
536 3807 571 3871 in
586 3807 723 3872 Praefat.
737 3805 782 3871 ad
794 3805 818 3870 J
819 3805 865 3872 ul.
880 3805 1069 3872 Gaesarem:
1093 3801 1206 3881 ‘Qua

94 3907 208 3970 ‘enim
232 3905 526 3990 linis-quousque
548 3907 690 3992 paginus
711 3927 827 3973 omnes
840 3906 1040 3973 obsidebunt
1052 3906 1155 3972 varie
1173 3909 1210 3971 er

94 4008 218 4076 ‘vanas
238 3995 520 4090 ssepeleciibncsi
543 4007 771 4076 Exenfiunnu
787 4009 937 4093 proiecto
948 4005 1125 4090 scriptores
1138 4005 1208 4092 ipn‘

94 4112 139 4174 ‘e
152 4107 320 4187 manibus,
339 4107 417 4174 dum
430 4109 530 4174 avida
546 4111 706 4196 juventus
723 4110 769 4176 ad
784 4110 859 4174 nec
872 4107 1076 4174 deverticma
1090 4108 1161 4175 abit
1173 4113 1209 4174 et

84 4192 105 4244 '‘
118 4213 256 4298 ripam
268 4209 336 4278 iste
354 4204 553 4278 cruatrolnt
574 4209 658 4298 ἵργα.
703 4209 816 4292 Quum
836 4209 1013 4295 nuliijaru
1030 4207 1089 4293 qni
1101 4207 1206 4274 libros
