2817 4792
218 311 285 380 1⁰8
501 325 550 374 nn
571 321 654 374 sar.
678 321 840 385 sueton,
862 320 1038 388 nostru,

215 473 372 560 mojorem
387 471 452 536 sibi
470 471 712 555 Justioremque
725 471 813 535 alios
833 470 992 554 carpendi
1012 468 1203 535 libatum
1215 465 1336 538 viss-

216 581 280 654 oet,
295 574 361 638 sibi
375 574 450 657 ipse
463 591 530 638 uon
540 574 662 657 parcit,
676 593 740 638 nec
753 573 880 651 melior,
895 591 996 658 quum
1007 571 1188 651 σειν-Μ
1202 568 1335 656 carpit-⁶
1397 570 1399 653 f

214 677 398 742 -Persius
412 695 535 741 errores
555 676 599 740 ud
618 675 807 742 Stoicorum
820 678 957 760 placita,
976 677 1122 761 ubsque
1135 675 1182 740 ed
1204 675 1335 759 rigidae

213 780 346 845 virtutis
368 779 499 862 regulus
512 779 626 861 exigit,
650 786 685 843 et
698 779 753 843 vel
769 778 959 863 juveniliter
982 798 1025 843 ae
1047 795 1205 861 generose
1220 778 1335 855 ardet,

191 876 269 946 'vel
292 899 423 946 morose
443 887 549 946 atram
571 881 674 945 bilem
696 879 1064 947 sumsit-suvanos
1084 883 1157 946 sive
1179 880 1336 964 graviter

66 1033 68 1040 ,
214 985 371 1069 ptmripit
383 985 535 1050 v'mn
546 987 580 1046 et
593 983 699 1047 severi
719 983 892 1047 monitoris
904 989 1017 1066 partes
1030 983 1109 1066 ugit,
1125 983 1212 1059 siva,
1228 983 1286 1047 ira
1299 985 1338 1044 et

94 1103 97 1110 ·
213 1086 438 1170 'dedignatione
450 1085 685 1162 inflammatus,
705 1084 740 1148 in
753 1087 831 1169 ipsa
844 1086 1038 1169 plerumque
1049 1085 1134 1150 vitia
1146 1085 1336 1162 invehitur,

213 1191 267 1255 vel
286 1189 418 1254 scutica
440 1185 586 1264 caedens,
611 1185 664 1251 vel
687 1186 805 1252 tollens
826 1187 1048 1252 caebinuum.⁷
1091 1185 1337 1252 Acrimoniam

213 1310 293 1358 vero
306 1290 555 1356 Archilochium
570 1308 662 1371 suepe
674 1293 837 1372 temperat
849 1290 932 1368 risu,
955 1295 988 1354 et
1010 1291 1205 1373 gmvitatun
1221 1292 1335 1354 comi-

213 1401 283 1460 tata
297 1393 420 1458 condit.
456 1391 561 1456 Vims
573 1407 708 1476 quoque
722 1391 913 1456 acerbitatis
926 1391 962 1453 in
975 1391 1094 1476 primis
1107 1391 1335 1474 potissimum

214 1495 325 1560 satiris
339 1495 482 1574 evomit3
505 1495 540 1558 in
558 1495 614 1573 iis,
638 1509 717 1578 quse
732 1491 796 1558 viri
810 1497 909 1560 atate
922 1496 1143 1578 provectioris
1163 1495 1335 1580 maturio-
1397 1552 1398 1563 ,

213 1597 324 1679 risque
338 1595 461 1676 ingenii
476 1595 578 1661 loetus
590 1595 694 1661 videri
709 1601 861 1680 possum,
882 1599 942 1662 irae
961 1601 1063 1662 aestus
1076 1597 1145 1662 fere
1157 1595 1334 1662 deferbuit

213 1702 248 1763 et
264 1696 377 1781 frigori
391 1698 493 1762 cessit
516 1695 785 1764 declamationis:
807 1699 842 1763 in
866 1699 920 1763 bis
944 1693 1047 1764 etiam
1061 1701 1170 1764 rarius
1188 1699 1332 1782 singuli,

213 1805 246 1866 et
259 1802 356 1869 dente
378 1800 486 1866 miuus
508 1800 673 1867 maledico
687 1807 852 1887 acutoque
872 1807 1060 1887 carpuntur,
1082 1803 1167 1867 utin
1182 1801 1332 1868 Horatii

213 1903 376 1988 epistolis.

257 2007 393 2072 Persius
408 2009 578 2090 praecepte
596 2023 637 2071 ae
657 2005 726 2072 tale
744 2010 872 2072 tantum
891 2025 958 2072 nou
983 2006 1097 2072 omnia
1117 2025 1163 2071 ex
1191 2007 1330 2090 porticu

212 2110 296 2195 petit
327 2115 361 2184 et
388 2107 524 2174 schola:
563 2109 723 2174 Horatius
751 2114 786 2174 et
823 2106 1000 2174 luvenalis
1030 2127 1076 2173 ex
1106 2105 1330 2192 philosophia

212 2229 291 2278 veru
313 2215 357 2275 et*
370 2211 535 2296 populari,
559 2231 637 2296 quae
661 2231 706 2276 ex
728 2211 836 2275 multa
859 2229 968 2275 rerum
990 2210 1200 2295 experientia
1221 2217 1329 2295 atque
1397 2228 1398 2257 ¹

210 2311 365 2379 interiore
387 2315 516 2399 generis
537 2313 725 2399 ingeniique
748 2313 882 2379 humani
905 2314 1094 2396 cognitione
1113 2312 1237 2378 bansta
1260 2316 1328 2390 est,

212 2421 246 2481 et
259 2416 303 2480 ud
326 2423 525 2498 praesentem
539 2417 593 2482 vel
608 2417 711 2482 animi
725 2434 872 2493 semum,
886 2416 942 2481 vel
960 2433 1072 2479 rerum
1086 2414 1327 2492 conditionem,

212 2517 267 2582 vel
291 2518 435 2582 indolem
459 2519 640 2600 argumenti
663 2539 699 2583 se
718 2524 753 2583 et
770 2517 903 2603 judicia
928 2537 991 2582 sua
1018 2516 1199 2600 componit
1259 2516 1326 2582 Ille

211 2637 305 2684 eoeco
332 2619 411 2684 vites
441 2637 483 2682 ac
513 2617 702 2703 disciplina
743 2617 931 2683 Stoicomm
958 2636 1073 2682 amore
1100 2621 1221 2700 captus
1256 2635 1327 2682 non

210 2715 314 2798 videt,
337 2717 418 2804 quid
440 2720 476 2783 in
497 2717 561 2785 huc
584 2719 639 2784 vel
661 2719 722 2784 illa
745 2719 921 2804 displicere
939 2719 1066 2802 possit:
1094 2718 1147 2783 his
1171 2715 1326 2802 pbiloso-

210 2819 362 2906 pirorum,
391 2819 565 2905 praecipue
594 2819 781 2885 Stoicorum
817 2819 1094 2906 cynicorumque,
1116 2839 1241 2899 mores,
1264 2821 1326 2888 in·

210 2923 311 3002 bitus,
341 2923 530 3006 paradoxa,
556 2923 708 3005 argutius,
732 2923 933 3003 arrogantie,
957 2921 1167 2986 dissimilatio
1186 2922 1325 3008 aliaque

210 3023 297 3088 vitia
309 3024 437 3106 largum
450 3022 578 3089 ridendi
590 3023 820 3107 irascendique
833 3025 1006 3088 materiam
1020 3021 1197 3108 praebent.⁸
1220 3022 1324 3090 lilius

210 3125 446 3209 argumentatio
460 3128 511 3188 est
532 3123 663 3212 subtilis
683 3130 717 3190 et
731 3131 843 3204 acuta,
865 3145 927 3190 nee
950 3126 1017 3191 alte
1042 3127 1077 3190 in
1096 3127 1245 3190 animum
1260 3129 1323 3194 de·

211 3225 382 3306 scendens,
404 3227 522 3295 borum
541 3225 696 3310 simplex,
719 3227 763 3293 ad
776 3228 1041 3314 uniuscujusque
1054 3234 1192 3313 captum
1204 3249 1323 3298 umm-

713 3379 820 3431 NOTAE

242 3495 258 3543 o
274 3491 307 3543 V.
319 3489 441 3542 Wieland
452 3492 485 3542 sd
500 3491 592 3543 Horat.
608 3491 663 3543 Set.
676 3505 708 3543 rr.
719 3497 743 3544 t.
785 3491 949 3559 turpitudine
958 3499 1026 3556 orte,
1033 3493 1149 3558 instiget,
1157 3493 1221 3543 nibil
1230 3501 1322 3559 potest

210 3577 239 3622 et
248 3571 274 3620 7.
784 3583 909 3634 suspenso
920 3567 1135 3632 brachionotsre,
1152 3569 1216 3619 nlbil
1232 3567 1321 3622 t'scete

242 3645 283 3696 τ’
292 3645 357 3697 curn
369 3643 440 3694 inter
450 3643 620 3694 eosbomines
633 3645 743 3709 viveret,
782 3646 908 3709 illudam
925 3646 952 3695 in
971 3660 1095 3696 summam
1112 3647 1236 3697 invidiam
1256 3662 1321 3699 eon·

210 3736 318 3788 quorum
337 3721 415 3772 suiml
433 3720 553 3771 vitiorum
572 3719 742 3772 diuturnitate
783 3732 826 3775 trs
845 3723 962 3787 adducit,
982 3739 1039 3789 que
1058 3725 1229 3788 vitupersnds
1248 3733 1322 3788 sunt,

210 3798 364 3864 eullnmjsm
377 3797 515 3860 duxerant,
528 3797 683 3860 ingeniaque
700 3798 744 3847 ob
781 3805 810 3849 et
831 3800 896 3848 risus
917 3799 982 3849 leuis
1006 3806 1033 3848 et
1050 3798 1191 3863 jucundus,
1211 3814 1263 3863 quo
1285 3801 1319 3850 sb

210 3874 457 3924 tussersutlnxuriu
467 3889 473 3922 :
484 3872 632 3923 urbanitate
641 3871 743 3922 etlsee·
782 3874 860 3925 animi
879 3874 1042 3939 permotione
1062 3874 1129 3924 llber
1141 3889 1202 3924 usus
1217 3875 1320 3937 fuisset,

209 3943 326 4014 tlls,quoe
334 3951 473 4001 Horatium
485 3950 695 4010 nobilitaverunt,
701 3950 742 4016 jo
782 3949 1135 4003 nunclnescbinuumsblt!
1164 3951 1318 4018 Koenigtl.

209 4023 299 4089 sisque
312 4025 446 4076 subtilibus
455 4033 483 4076 et
493 4027 574 4077 scutis
586 4028 628 4076 vix
638 4031 743 4092 potent
783 4041 808 4092 p.
820 4031 861 4079 87.

210 4102 260 4156 uti.
292 4102 413 4163 Accedit,
425 4104 493 4167 quod
515 4107 546 4168 is,
564 4119 641 4170 quem
659 4105 742 4170 indig·
815 4107 881 4156 bv.
899 4106 994 4159 Juveu.
1008 4103 1061 4156 Set
1076 4117 1108 4155 n.
1141 4104 1264 4155 Wielsud
1281 4105 1315 4156 sd

209 4178 290 4243 natio,
309 4191 343 4228 ex
362 4178 513 4242 sceleribus,
525 4179 703 4246 improbitate,
714 4187 743 4233 et
783 4180 914 4234 Headui.
925 4179 1317 4250 r.8.etbtsmol.l.p.toe.sq.
