<?xml version="1.0" encoding="UTF-8"?>
<!DOCTYPE html PUBLIC "-//W3C//DTD XHTML 1.0 Transitional//EN"
    "http://www.w3.org/TR/xhtml1/DTD/xhtml1-transitional.dtd">
<html xmlns="http://www.w3.org/1999/xhtml" xml:lang="en" lang="en">
 <head>
  <title>
</title>
<meta http-equiv="Content-Type" content="text/html;charset=utf-8" />
  <meta name='ocr-system' content='tesseract 3.04.00' />
  <meta name='ocr-capabilities' content='ocr_page ocr_carea ocr_par ocr_line ocrx_word'/>
</head>
<body>
  <div class='ocr_page' id='page_1' title='image "./djuniijuvenalis04persgoog_0057.png"; bbox 0 0 2817 4792; ppageno 0'>
   <div class='ocr_carea' id='block_1_1' title="bbox 512 335 1185 400">
    <p class='ocr_par' dir='ltr' id='par_1_1' title="bbox 512 335 1185 400">
     <span class='ocr_line' id='line_1_1' title="bbox 512 335 1185 400; baseline 0.001 -3"><span class='ocrx_word' id='word_1_1' title='bbox 512 349 738 400; x_wconf 70' lang='lat' dir='ltr'><strong>coraustus.</strong></span> <span class='ocrx_word' id='word_1_2' title='bbox 1140 335 1185 398; x_wconf 83' lang='lat' dir='ltr'><strong>te</strong></span> 
     </span>
    </p>
   </div>
   <div class='ocr_carea' id='block_1_2' title="bbox 55 491 1227 3736">
    <p class='ocr_par' dir='ltr' id='par_1_2' title="bbox 55 491 1227 3736">
     <span class='ocr_line' id='line_1_2' title="bbox 55 491 1227 579; baseline 0.003 -19"><span class='ocrx_word' id='word_1_3' title='bbox 55 497 152 577; x_wconf 82' lang='lat' dir='ltr'><strong>dixi,</strong></span> <span class='ocrx_word' id='word_1_4' title='bbox 178 500 293 564; x_wconf 78' lang='lat' dir='ltr'><strong>tantus</strong></span> <span class='ocrx_word' id='word_1_5' title='bbox 319 491 373 559; x_wconf 78' lang='lat' dir='ltr'><strong>itte</strong></span> <span class='ocrx_word' id='word_1_6' title='bbox 397 493 595 558; x_wconf 74' lang='lat' dir='ltr'><em>recitantium</em></span> <span class='ocrx_word' id='word_1_7' title='bbox 614 515 769 573; x_wconf 83' lang='lat' dir='ltr'><strong>nrrmerut,</strong></span> <span class='ocrx_word' id='word_1_8' title='bbox 792 497 996 579; x_wconf 72' lang='lat' dir='ltr'><strong>temporibus</strong></span> <span class='ocrx_word' id='word_1_9' title='bbox 1015 497 1183 564; x_wconf 73' lang='lat' dir='ltr'><strong>Hadriani</strong></span> <span class='ocrx_word' id='word_1_10' title='bbox 1222 501 1227 512; x_wconf 84' lang='lat'>&#39;</span> 
     </span>
     <span class='ocr_line' id='line_1_3' title="bbox 58 595 1183 682; baseline 0.002 -20"><span class='ocrx_word' id='word_1_11' title='bbox 58 597 321 664; x_wconf 82' lang='lat' dir='ltr'><strong>convenientior</strong></span> <span class='ocrx_word' id='word_1_12' title='bbox 333 615 433 678; x_wconf 90' lang='lat' dir='ltr'><strong>quam</strong></span> <span class='ocrx_word' id='word_1_13' title='bbox 448 595 593 680; x_wconf 86' lang='lat' dir='ltr'><strong>Trajani.</strong></span> <span class='ocrx_word' id='word_1_14' title='bbox 637 595 782 681; x_wconf 80' lang='lat' dir='ltr'><strong>Trojano</strong></span> <span class='ocrx_word' id='word_1_15' title='bbox 806 604 893 662; x_wconf 85' lang='lat' dir='ltr'><strong>certe</strong></span> <span class='ocrx_word' id='word_1_16' title='bbox 916 600 1097 682; x_wconf 85' lang='lat' dir='ltr'><strong>imperante</strong></span> <span class='ocrx_word' id='word_1_17' title='bbox 1111 599 1183 666; x_wconf 87' lang='lat' dir='ltr'><strong>Ro-</strong></span> 
     </span>
     <span class='ocr_line' id='line_1_4' title="bbox 57 697 1181 783; baseline 0.001 -18"><span class='ocrx_word' id='word_1_18' title='bbox 57 721 156 765; x_wconf 86' lang='lat' dir='ltr'><strong>mam</strong></span> <span class='ocrx_word' id='word_1_19' title='bbox 183 703 234 765; x_wconf 89' lang='lat' dir='ltr'><strong>ita</strong></span> <span class='ocrx_word' id='word_1_20' title='bbox 262 699 394 783; x_wconf 85' lang='lat' dir='ltr'><strong>reliquit</strong></span> <span class='ocrx_word' id='word_1_21' title='bbox 413 697 589 776; x_wconf 84' lang='lat' dir='ltr'><strong>Martialis,</strong></span> <span class='ocrx_word' id='word_1_22' title='bbox 611 704 649 762; x_wconf 85' lang='lat' dir='ltr'><strong>ut</strong></span> <span class='ocrx_word' id='word_1_23' title='bbox 672 701 705 764; x_wconf 94' lang='lat' dir='ltr'><strong>in</strong></span> <span class='ocrx_word' id='word_1_24' title='bbox 723 701 866 783; x_wconf 80' lang='lat' dir='ltr'><strong>patriam</strong></span> <span class='ocrx_word' id='word_1_25' title='bbox 896 700 1096 780; x_wconf 73' lang='lat' dir='ltr'><strong>discesserit,</strong></span> <span class='ocrx_word' id='word_1_26' title='bbox 1116 721 1181 766; x_wconf 89' lang='lat' dir='ltr'><strong>nec</strong></span> 
     </span>
     <span class='ocr_line' id='line_1_5' title="bbox 58 801 1182 886; baseline 0.003 -21"><span class='ocrx_word' id='word_1_27' title='bbox 58 803 143 866; x_wconf 87' lang='lat' dir='ltr'><strong>inde</strong></span> <span class='ocrx_word' id='word_1_28' title='bbox 159 821 310 886; x_wconf 87' lang='lat' dir='ltr'><strong>unquam</strong></span> <span class='ocrx_word' id='word_1_29' title='bbox 327 806 444 884; x_wconf 86' lang='lat' dir='ltr'><strong>postea</strong></span> <span class='ocrx_word' id='word_1_30' title='bbox 458 801 600 866; x_wconf 87' lang='lat' dir='ltr'><strong>redierit.</strong></span> <span class='ocrx_word' id='word_1_31' title='bbox 646 802 725 868; x_wconf 89' lang='lat' dir='ltr'><strong>Nou</strong></span> <span class='ocrx_word' id='word_1_32' title='bbox 738 803 816 881; x_wconf 81' lang='lat' dir='ltr'><strong>olio,</strong></span> <span class='ocrx_word' id='word_1_33' title='bbox 838 809 874 868; x_wconf 89' lang='lat' dir='ltr'><strong>ut</strong></span> <span class='ocrx_word' id='word_1_34' title='bbox 899 804 1043 886; x_wconf 75' lang='lat' dir='ltr'><strong>ridebur,</strong></span> <span class='ocrx_word' id='word_1_35' title='bbox 1065 823 1182 881; x_wconf 65' lang='lat' dir='ltr'><strong>eausa</strong></span> 
     </span>
     <span class='ocr_line' id='line_1_6' title="bbox 62 902 1181 990; baseline 0.003 -22"><span class='ocrx_word' id='word_1_36' title='bbox 62 923 170 988; x_wconf 88' lang='lat' dir='ltr'><strong>quam</strong></span> <span class='ocrx_word' id='word_1_37' title='bbox 192 902 286 988; x_wconf 88' lang='lat' dir='ltr'><strong>quod</strong></span> <span class='ocrx_word' id='word_1_38' title='bbox 309 903 392 968; x_wconf 89' lang='lat' dir='ltr'><strong>lucri</strong></span> <span class='ocrx_word' id='word_1_39' title='bbox 418 923 436 965; x_wconf 91' lang='lat' dir='ltr'><strong>c</strong></span> <span class='ocrx_word' id='word_1_40' title='bbox 463 903 573 967; x_wconf 89' lang='lat' dir='ltr'><strong>studio</strong></span> <span class='ocrx_word' id='word_1_41' title='bbox 589 904 745 969; x_wconf 71' lang='lat' dir='ltr'><strong>Poeticae</strong></span> <span class='ocrx_word' id='word_1_42' title='bbox 770 907 940 990; x_wconf 83' lang='lat' dir='ltr'><strong>quaereudi</strong></span> <span class='ocrx_word' id='word_1_43' title='bbox 964 925 1043 990; x_wconf 88' lang='lat' dir='ltr'><strong>spes</strong></span> <span class='ocrx_word' id='word_1_44' title='bbox 1073 907 1181 970; x_wconf 85' lang='lat' dir='ltr'><strong>omnis</strong></span> 
     </span>
     <span class='ocr_line' id='line_1_7' title="bbox 62 1005 1183 1090; baseline 0.004 -22"><span class='ocrx_word' id='word_1_45' title='bbox 62 1006 232 1090; x_wconf 83' lang='lat' dir='ltr'><strong>deinceps</strong></span> <span class='ocrx_word' id='word_1_46' title='bbox 260 1007 389 1090; x_wconf 89' lang='lat' dir='ltr'><strong>penitus</strong></span> <span class='ocrx_word' id='word_1_47' title='bbox 418 1005 640 1071; x_wconf 86' lang='lat' dir='ltr'><strong>decollaverit.</strong></span> <span class='ocrx_word' id='word_1_48' title='bbox 694 1008 838 1072; x_wconf 79' lang='lat' dir='ltr'><strong>Proinde</strong></span> <span class='ocrx_word' id='word_1_49' title='bbox 859 1009 1070 1072; x_wconf 85' lang='lat' dir='ltr'><strong>verisimilius</strong></span> <span class='ocrx_word' id='word_1_50' title='bbox 1093 1009 1183 1074; x_wconf 83' lang='lat' dir='ltr'><strong>exis-</strong></span> 
     </span>
     <span class='ocr_line' id='line_1_8' title="bbox 64 1107 1180 1196; baseline 0.004 -25"><span class='ocrx_word' id='word_1_51' title='bbox 64 1108 164 1184; x_wconf 89' lang='lat' dir='ltr'><strong>timo,</strong></span> <span class='ocrx_word' id='word_1_52' title='bbox 190 1108 248 1190; x_wconf 87' lang='lat' dir='ltr'><strong>qui</strong></span> <span class='ocrx_word' id='word_1_53' title='bbox 263 1127 347 1171; x_wconf 90' lang='lat' dir='ltr'><strong>anno</strong></span> <span class='ocrx_word' id='word_1_54' title='bbox 371 1124 508 1172; x_wconf 81' lang='lat' dir='ltr'><strong>cxvur.</strong></span> <span class='ocrx_word' id='word_1_55' title='bbox 531 1107 741 1174; x_wconf 79' lang='lat' dir='ltr'><strong>Hadrianum</strong></span> <span class='ocrx_word' id='word_1_56' title='bbox 756 1110 935 1188; x_wconf 79' lang='lat' dir='ltr'><strong>offenderit,</strong></span> <span class='ocrx_word' id='word_1_57' title='bbox 955 1112 1180 1196; x_wconf 87' lang='lat' dir='ltr'><strong>missumpro-</strong></span> 
     </span>
     <span class='ocr_line' id='line_1_9' title="bbox 62 1209 1179 1294; baseline 0.004 -20"><span class='ocrx_word' id='word_1_58' title='bbox 62 1209 145 1274; x_wconf 88' lang='lat' dir='ltr'><strong>inde</strong></span> <span class='ocrx_word' id='word_1_59' title='bbox 173 1211 210 1274; x_wconf 89' lang='lat' dir='ltr'><strong>in</strong></span> <span class='ocrx_word' id='word_1_60' title='bbox 239 1210 376 1274; x_wconf 88' lang='lat' dir='ltr'><strong>exilium</strong></span> <span class='ocrx_word' id='word_1_61' title='bbox 398 1211 491 1274; x_wconf 89' lang='lat' dir='ltr'><strong>initio</strong></span> <span class='ocrx_word' id='word_1_62' title='bbox 516 1213 592 1274; x_wconf 88' lang='lat' dir='ltr'><strong>unni</strong></span> <span class='ocrx_word' id='word_1_63' title='bbox 615 1227 725 1275; x_wconf 80' lang='lat' dir='ltr'><strong>cxlx.</strong></span> <span class='ocrx_word' id='word_1_64' title='bbox 771 1209 854 1273; x_wconf 77' lang='lat' dir='ltr'><strong>Erat</strong></span> <span class='ocrx_word' id='word_1_65' title='bbox 879 1222 956 1290; x_wconf 87' lang='lat' dir='ltr'><strong>tum,</strong></span> <span class='ocrx_word' id='word_1_66' title='bbox 977 1213 1082 1294; x_wconf 73' lang='lat' dir='ltr'><strong>inqiut</strong></span> <span class='ocrx_word' id='word_1_67' title='bbox 1099 1213 1179 1278; x_wconf 75' lang='lat' dir='ltr'><strong>vitm</strong></span> 
     </span>
     <span class='ocr_line' id='line_1_10' title="bbox 64 1309 1181 1400; baseline -0.004 -21"><span class='ocrx_word' id='word_1_68' title='bbox 64 1318 200 1390; x_wconf 72' lang='lat' dir='ltr'><strong>auctor,</strong></span> <span class='ocrx_word' id='word_1_69' title='bbox 226 1311 258 1374; x_wconf 89' lang='lat' dir='ltr'><strong>iu</strong></span> <span class='ocrx_word' id='word_1_70' title='bbox 281 1309 400 1377; x_wconf 78' lang='lat' dir='ltr'><strong>deliciis</strong></span> <span class='ocrx_word' id='word_1_71' title='bbox 422 1309 501 1376; x_wconf 79' lang='lat' dir='ltr'><strong>nutu</strong></span> <span class='ocrx_word' id='word_1_72' title='bbox 523 1311 643 1392; x_wconf 76' lang='lat' dir='ltr'><strong>histrio,</strong></span> <span class='ocrx_word' id='word_1_73' title='bbox 675 1311 826 1400; x_wconf 77' lang='lat' dir='ltr'><strong>multique</strong></span> <span class='ocrx_word' id='word_1_74' title='bbox 840 1311 991 1398; x_wconf 74' lang='lat' dir='ltr'><strong>fautores</strong></span> <span class='ocrx_word' id='word_1_75' title='bbox 1013 1312 1078 1398; x_wconf 55' lang='lat' dir='ltr'><strong>qus</strong></span> <span class='ocrx_word' id='word_1_76' title='bbox 1105 1333 1181 1397; x_wconf 82' lang='lat' dir='ltr'><strong>quo·</strong></span> 
     </span>
     <span class='ocr_line' id='line_1_11' title="bbox 65 1410 1180 1502; baseline 0.002 -28"><span class='ocrx_word' id='word_1_77' title='bbox 65 1413 146 1478; x_wconf 82' lang='lat' dir='ltr'><strong>tidie</strong></span> <span class='ocrx_word' id='word_1_78' title='bbox 175 1411 438 1498; x_wconf 71' lang='lat' dir='ltr'><strong>provehebantur.</strong></span> <span class='ocrx_word' id='word_1_79' title='bbox 486 1410 577 1477; x_wconf 80' lang='lat' dir='ltr'><strong>Venit</strong></span> <span class='ocrx_word' id='word_1_80' title='bbox 611 1437 684 1502; x_wconf 79' lang='lat' dir='ltr'><strong>crgo</strong></span> <span class='ocrx_word' id='word_1_81' title='bbox 716 1412 882 1479; x_wconf 76' lang='lat' dir='ltr'><strong>threnult&#39;s</strong></span> <span class='ocrx_word' id='word_1_82' title='bbox 909 1415 944 1478; x_wconf 86' lang='lat' dir='ltr'><strong>r&#39;rr</strong></span> <span class='ocrx_word' id='word_1_83' title='bbox 963 1412 1180 1498; x_wconf 62' lang='lat' dir='ltr'><strong>&#39;suspicionem</strong></span> 
     </span>
     <span class='ocr_line' id='line_1_12' title="bbox 64 1511 1180 1602; baseline 0.003 -24"><span class='ocrx_word' id='word_1_84' title='bbox 64 1517 156 1600; x_wconf 78' lang='lat' dir='ltr'><strong>quusi</strong></span> <span class='ocrx_word' id='word_1_85' title='bbox 171 1527 315 1602; x_wconf 83' lang='lat' dir='ltr'><strong>temporo</strong></span> <span class='ocrx_word' id='word_1_86' title='bbox 322 1514 468 1600; x_wconf 79' lang='lat' dir='ltr'><strong>figurate</strong></span> <span class='ocrx_word' id='word_1_87' title='bbox 481 1525 624 1580; x_wconf 82' lang='lat' dir='ltr'><strong>notasset.</strong></span> <span class='ocrx_word' id='word_1_88' title='bbox 671 1516 803 1600; x_wconf 84' lang='lat' dir='ltr'><strong>Nempe</strong></span> <span class='ocrx_word' id='word_1_89' title='bbox 818 1517 877 1581; x_wconf 86' lang='lat' dir='ltr'><strong>illa</strong></span> <span class='ocrx_word' id='word_1_90' title='bbox 890 1518 924 1580; x_wconf 86' lang='lat' dir='ltr'><strong>in</strong></span> <span class='ocrx_word' id='word_1_91' title='bbox 939 1511 1094 1580; x_wconf 82' lang='lat' dir='ltr'><strong>Paridem</strong></span> <span class='ocrx_word' id='word_1_92' title='bbox 1108 1515 1180 1580; x_wconf 86' lang='lat' dir='ltr'><strong>die·</strong></span> 
     </span>
     <span class='ocr_line' id='line_1_13' title="bbox 61 1617 1175 1704; baseline -0.002 -18"><span class='ocrx_word' id='word_1_93' title='bbox 61 1623 147 1686; x_wconf 83' lang='lat' dir='ltr'><strong>toria</strong></span> <span class='ocrx_word' id='word_1_94' title='bbox 161 1617 357 1695; x_wconf 81' lang='lat' dir='ltr'><strong>tristrionem,</strong></span> <span class='ocrx_word' id='word_1_95' title='bbox 380 1618 413 1681; x_wconf 93' lang='lat' dir='ltr'><strong>in</strong></span> <span class='ocrx_word' id='word_1_96' title='bbox 428 1617 641 1702; x_wconf 82' lang='lat' dir='ltr'><strong>nrum-(cujus</strong></span> <span class='ocrx_word' id='word_1_97' title='bbox 654 1639 775 1684; x_wconf 84' lang='lat' dir='ltr'><strong>nornen</strong></span> <span class='ocrx_word' id='word_1_98' title='bbox 795 1639 862 1684; x_wconf 88' lang='lat' dir='ltr'><strong>nou</strong></span> <span class='ocrx_word' id='word_1_99' title='bbox 876 1617 1021 1704; x_wconf 88' lang='lat' dir='ltr'><strong>prodidit</strong></span> <span class='ocrx_word' id='word_1_100' title='bbox 1035 1617 1175 1696; x_wconf 80' lang='lat' dir='ltr'><strong>Auctor)</strong></span> 
     </span>
     <span class='ocr_line' id='line_1_14' title="bbox 63 1718 1179 1802; baseline -0.001 -17"><span class='ocrx_word' id='word_1_101' title='bbox 63 1722 262 1786; x_wconf 82' lang='lat' dir='ltr'><strong>histrionem</strong></span> <span class='ocrx_word' id='word_1_102' title='bbox 278 1718 371 1784; x_wconf 86' lang='lat' dir='ltr'><strong>diota</strong></span> <span class='ocrx_word' id='word_1_103' title='bbox 389 1719 661 1802; x_wconf 82' lang='lat' dir='ltr'><strong>interpretabatur</strong></span> <span class='ocrx_word' id='word_1_104' title='bbox 677 1721 884 1797; x_wconf 81' lang='lat' dir='ltr'><strong>Hadrianus,</strong></span> <span class='ocrx_word' id='word_1_105' title='bbox 906 1725 940 1785; x_wconf 89' lang='lat' dir='ltr'><strong>et</strong></span> <span class='ocrx_word' id='word_1_106' title='bbox 962 1741 994 1782; x_wconf 79' lang='lat' dir='ltr'><strong>se</strong></span> <span class='ocrx_word' id='word_1_107' title='bbox 1015 1720 1122 1802; x_wconf 53' lang='lat' dir='ltr'><strong>mama</strong></span> <span class='ocrx_word' id='word_1_108' title='bbox 1143 1721 1179 1784; x_wconf 87' lang='lat' dir='ltr'><strong>in</strong></span> 
     </span>
     <span class='ocr_line' id='line_1_15' title="bbox 65 1819 1181 1908; baseline 0.001 -22"><span class='ocrx_word' id='word_1_109' title='bbox 65 1823 122 1886; x_wconf 92' lang='lat' dir='ltr'><strong>illo</strong></span> <span class='ocrx_word' id='word_1_110' title='bbox 135 1843 246 1908; x_wconf 85' lang='lat' dir='ltr'><strong>quam</strong></span> <span class='ocrx_word' id='word_1_111' title='bbox 261 1819 438 1884; x_wconf 73' lang='lat' dir='ltr'><strong>histrionem</strong></span> <span class='ocrx_word' id='word_1_112' title='bbox 455 1821 576 1904; x_wconf 88' lang='lat' dir='ltr'><strong>ipsum,</strong></span> <span class='ocrx_word' id='word_1_113' title='bbox 598 1821 633 1884; x_wconf 92' lang='lat' dir='ltr'><strong>in</strong></span> <span class='ocrx_word' id='word_1_114' title='bbox 659 1821 825 1886; x_wconf 84' lang='lat' dir='ltr'><strong>histrionis</strong></span> <span class='ocrx_word' id='word_1_115' title='bbox 848 1821 896 1883; x_wconf 81' lang='lat' dir='ltr'><strong>sni</strong></span> <span class='ocrx_word' id='word_1_116' title='bbox 919 1839 1062 1905; x_wconf 83' lang='lat' dir='ltr'><strong>persona</strong></span> <span class='ocrx_word' id='word_1_117' title='bbox 1084 1826 1181 1886; x_wconf 78' lang='lat' dir='ltr'><strong>nom·</strong></span> 
     </span>
     <span class='ocr_line' id='line_1_16' title="bbox 67 1920 1181 2010; baseline -0.004 -20"><span class='ocrx_word' id='word_1_118' title='bbox 67 1931 148 2002; x_wconf 88' lang='lat' dir='ltr'><strong>tum,</strong></span> <span class='ocrx_word' id='word_1_119' title='bbox 173 1923 268 2010; x_wconf 88' lang='lat' dir='ltr'><strong>quod</strong></span> <span class='ocrx_word' id='word_1_120' title='bbox 281 1925 422 1988; x_wconf 87' lang='lat' dir='ltr'><strong>bonores</strong></span> <span class='ocrx_word' id='word_1_121' title='bbox 437 1941 518 1986; x_wconf 84' lang='lat' dir='ltr'><strong>suos</strong></span> <span class='ocrx_word' id='word_1_122' title='bbox 533 1923 614 1986; x_wconf 87' lang='lat' dir='ltr'><strong>viris</strong></span> <span class='ocrx_word' id='word_1_123' title='bbox 634 1923 773 1986; x_wconf 86' lang='lat' dir='ltr'><strong>literatis</strong></span> <span class='ocrx_word' id='word_1_124' title='bbox 788 1923 1012 1988; x_wconf 78' lang='lat' dir='ltr'><strong>concessisset</strong></span> <span class='ocrx_word' id='word_1_125' title='bbox 1025 1920 1181 2008; x_wconf 83' lang='lat' dir='ltr'><strong>interpol-</strong></span> 
     </span>
     <span class='ocr_line' id='line_1_17' title="bbox 68 2015 1181 2110; baseline -0.004 -18"><span class='ocrx_word' id='word_1_126' title='bbox 68 2027 157 2092; x_wconf 82' lang='lat' dir='ltr'><strong>laute</strong></span> <span class='ocrx_word' id='word_1_127' title='bbox 170 2015 344 2092; x_wconf 85' lang='lat' dir='ltr'><strong>histrione.</strong></span> <span class='ocrx_word' id='word_1_128' title='bbox 388 2021 444 2088; x_wconf 84' lang='lat' dir='ltr'><strong>Ad</strong></span> <span class='ocrx_word' id='word_1_129' title='bbox 466 2022 640 2106; x_wconf 86' lang='lat' dir='ltr'><strong>Principes</strong></span> <span class='ocrx_word' id='word_1_130' title='bbox 662 2025 750 2088; x_wconf 87' lang='lat' dir='ltr'><strong>enim</strong></span> <span class='ocrx_word' id='word_1_131' title='bbox 771 2025 865 2110; x_wconf 87' lang='lat' dir='ltr'><strong>ipsos</strong></span> <span class='ocrx_word' id='word_1_132' title='bbox 878 2023 1085 2110; x_wconf 83' lang='lat' dir='ltr'><strong>pertinebunt</strong></span> <span class='ocrx_word' id='word_1_133' title='bbox 1106 2024 1181 2088; x_wconf 87' lang='lat' dir='ltr'><strong>lau·</strong></span> 
     </span>
     <span class='ocr_line' id='line_1_18' title="bbox 69 2123 1180 2212; baseline -0.002 -20"><span class='ocrx_word' id='word_1_134' title='bbox 69 2127 126 2192; x_wconf 87' lang='lat' dir='ltr'><strong>des</strong></span> <span class='ocrx_word' id='word_1_135' title='bbox 139 2129 211 2192; x_wconf 77' lang='lat' dir='ltr'><strong>illie</strong></span> <span class='ocrx_word' id='word_1_136' title='bbox 227 2133 423 2212; x_wconf 83' lang='lat' dir='ltr'><strong>temporum,</strong></span> <span class='ocrx_word' id='word_1_137' title='bbox 441 2127 498 2190; x_wconf 88' lang='lat' dir='ltr'><strong>aut</strong></span> <span class='ocrx_word' id='word_1_138' title='bbox 512 2126 669 2190; x_wconf 82' lang='lat' dir='ltr'><strong>convitia.</strong></span> <span class='ocrx_word' id='word_1_139' title='bbox 715 2123 823 2208; x_wconf 88' lang='lat' dir='ltr'><strong>quue</strong></span> <span class='ocrx_word' id='word_1_140' title='bbox 837 2125 1100 2210; x_wconf 62' lang='lat' dir='ltr'><strong>sequentim</strong></span> <span class='ocrx_word' id='word_1_141' title='bbox 1113 2124 1180 2190; x_wconf 88' lang='lat' dir='ltr'><strong>illis</strong></span> 
     </span>
     <span class='ocr_line' id='line_1_19' title="bbox 69 2225 1179 2313; baseline 0.002 -19"><span class='ocrx_word' id='word_1_142' title='bbox 69 2229 239 2313; x_wconf 82' lang='lat' dir='ltr'><strong>objectum</strong></span> <span class='ocrx_word' id='word_1_143' title='bbox 255 2229 285 2292; x_wconf 89' lang='lat' dir='ltr'><strong>si</strong></span> <span class='ocrx_word' id='word_1_144' title='bbox 310 2227 391 2311; x_wconf 91' lang='lat' dir='ltr'><strong>quid</strong></span> <span class='ocrx_word' id='word_1_145' title='bbox 413 2227 563 2312; x_wconf 87' lang='lat' dir='ltr'><strong>personis</strong></span> <span class='ocrx_word' id='word_1_146' title='bbox 579 2227 749 2292; x_wconf 78' lang='lat' dir='ltr'><strong>vilioribus</strong></span> <span class='ocrx_word' id='word_1_147' title='bbox 772 2229 807 2291; x_wconf 88' lang='lat' dir='ltr'><strong>in</strong></span> <span class='ocrx_word' id='word_1_148' title='bbox 828 2226 1024 2310; x_wconf 68' lang='lat' dir='ltr'><strong>reipublicae</strong></span> <span class='ocrx_word' id='word_1_149' title='bbox 1039 2225 1179 2296; x_wconf 63' lang='lat' dir='ltr'><strong>adnuo</strong></span> 
     </span>
     <span class='ocr_line' id='line_1_20' title="bbox 72 2326 1181 2414; baseline 0.002 -22"><span class='ocrx_word' id='word_1_150' title='bbox 72 2333 231 2396; x_wconf 84' lang='lat' dir='ltr'><strong>stratioue</strong></span> <span class='ocrx_word' id='word_1_151' title='bbox 252 2331 451 2394; x_wconf 81' lang='lat' dir='ltr'><strong>tribuissent.</strong></span> <span class='ocrx_word' id='word_1_152' title='bbox 493 2328 668 2394; x_wconf 75' lang='lat' dir='ltr'><strong>Servorum</strong></span> <span class='ocrx_word' id='word_1_153' title='bbox 697 2329 949 2414; x_wconf 82' lang='lat' dir='ltr'><strong>libertorumque</strong></span> <span class='ocrx_word' id='word_1_154' title='bbox 971 2329 1078 2412; x_wconf 78' lang='lat' dir='ltr'><strong>gratia</strong></span> <span class='ocrx_word' id='word_1_155' title='bbox 1098 2326 1181 2394; x_wconf 82' lang='lat' dir='ltr'><strong>nibil</strong></span> 
     </span>
     <span class='ocr_line' id='line_1_21' title="bbox 70 2428 1177 2514; baseline -0.002 -20"><span class='ocrx_word' id='word_1_156' title='bbox 70 2431 136 2498; x_wconf 83' lang='lat' dir='ltr'><strong>iere</strong></span> <span class='ocrx_word' id='word_1_157' title='bbox 151 2433 434 2498; x_wconf 72' lang='lat' dir='ltr'><strong>contumeliosius.</strong></span> <span class='ocrx_word' id='word_1_158' title='bbox 468 2429 571 2494; x_wconf 81' lang='lat' dir='ltr'><strong>Sexto</strong></span> <span class='ocrx_word' id='word_1_159' title='bbox 588 2430 751 2514; x_wconf 88' lang='lat' dir='ltr'><strong>Pompeio</strong></span> <span class='ocrx_word' id='word_1_160' title='bbox 764 2430 830 2494; x_wconf 88' lang='lat' dir='ltr'><strong>hoc</strong></span> <span class='ocrx_word' id='word_1_161' title='bbox 845 2429 1014 2514; x_wconf 86' lang='lat' dir='ltr'><strong>objectum</strong></span> <span class='ocrx_word' id='word_1_162' title='bbox 1025 2428 1177 2514; x_wconf 78' lang='lat' dir='ltr'><strong>tegimus,</strong></span> 
     </span>
     <span class='ocr_line' id='line_1_22' title="bbox 71 2529 1179 2620; baseline -0.002 -22"><span class='ocrx_word' id='word_1_163' title='bbox 71 2540 103 2598; x_wconf 90' lang='lat' dir='ltr'><strong>et</strong></span> <span class='ocrx_word' id='word_1_164' title='bbox 125 2533 327 2620; x_wconf 83' lang='lat' dir='ltr'><strong>Imperatori</strong></span> <span class='ocrx_word' id='word_1_165' title='bbox 349 2531 501 2596; x_wconf 84' lang='lat' dir='ltr'><strong>Claudio.</strong></span> <span class='ocrx_word' id='word_1_166' title='bbox 550 2529 593 2594; x_wconf 87' lang='lat' dir='ltr'><strong>Et</strong></span> <span class='ocrx_word' id='word_1_167' title='bbox 616 2532 722 2596; x_wconf 81' lang='lat' dir='ltr'><strong>multa</strong></span> <span class='ocrx_word' id='word_1_168' title='bbox 746 2531 933 2597; x_wconf 71' lang='lat' dir='ltr'><strong>istiusmodi</strong></span> <span class='ocrx_word' id='word_1_169' title='bbox 961 2529 1126 2616; x_wconf 82' lang='lat' dir='ltr'><strong>exempla,</strong></span> <span class='ocrx_word' id='word_1_170' title='bbox 1147 2530 1179 2596; x_wconf 86' lang='lat' dir='ltr'><strong>si</strong></span> 
     </span>
     <span class='ocr_line' id='line_1_23' title="bbox 72 2629 1178 2726; baseline -0.001 -28"><span class='ocrx_word' id='word_1_171' title='bbox 72 2653 155 2718; x_wconf 86' lang='lat' dir='ltr'><strong>opus</strong></span> <span class='ocrx_word' id='word_1_172' title='bbox 169 2641 269 2712; x_wconf 87' lang='lat' dir='ltr'><strong>esset,</strong></span> <span class='ocrx_word' id='word_1_173' title='bbox 292 2633 413 2698; x_wconf 85' lang='lat' dir='ltr'><strong>adduci</strong></span> <span class='ocrx_word' id='word_1_174' title='bbox 429 2639 576 2718; x_wconf 82' lang='lat' dir='ltr'><strong>possent.</strong></span> <span class='ocrx_word' id='word_1_175' title='bbox 621 2629 656 2698; x_wconf 92' lang='lat' dir='ltr'><strong>N</strong></span> <span class='ocrx_word' id='word_1_176' title='bbox 658 2653 697 2698; x_wconf 92' lang='lat' dir='ltr'><strong>ec</strong></span> <span class='ocrx_word' id='word_1_177' title='bbox 712 2641 820 2699; x_wconf 79' lang='lat' dir='ltr'><strong>tamen</strong></span> <span class='ocrx_word' id='word_1_178' title='bbox 835 2631 1016 2696; x_wconf 83' lang='lat' dir='ltr'><strong>libertorum</strong></span> <span class='ocrx_word' id='word_1_179' title='bbox 1033 2632 1178 2726; x_wconf 69' lang='lat' dir='ltr'><strong>dignitas</strong></span> 
     </span>
     <span class='ocr_line' id='line_1_24' title="bbox 73 2731 1178 2820; baseline -0.001 -20"><span class='ocrx_word' id='word_1_180' title='bbox 73 2737 187 2801; x_wconf 88' lang='lat' dir='ltr'><strong>minori</strong></span> <span class='ocrx_word' id='word_1_181' title='bbox 204 2741 277 2800; x_wconf 89' lang='lat' dir='ltr'><strong>crat</strong></span> <span class='ocrx_word' id='word_1_182' title='bbox 287 2736 321 2800; x_wconf 89' lang='lat' dir='ltr'><strong>in</strong></span> <span class='ocrx_word' id='word_1_183' title='bbox 334 2737 441 2820; x_wconf 88' lang='lat' dir='ltr'><strong>pretio</strong></span> <span class='ocrx_word' id='word_1_184' title='bbox 454 2753 555 2818; x_wconf 86' lang='lat' dir='ltr'><strong>quam</strong></span> <span class='ocrx_word' id='word_1_185' title='bbox 568 2731 761 2800; x_wconf 69' lang='lat' dir='ltr'><strong>histrionum.</strong></span> <span class='ocrx_word' id='word_1_186' title='bbox 807 2733 888 2799; x_wconf 86' lang='lat' dir='ltr'><strong>lude</strong></span> <span class='ocrx_word' id='word_1_187' title='bbox 904 2733 927 2799; x_wconf 87' lang='lat' dir='ltr'>J</span> <span class='ocrx_word' id='word_1_188' title='bbox 930 2735 1062 2800; x_wconf 82' lang='lat' dir='ltr'><strong>uvenali</strong></span> <span class='ocrx_word' id='word_1_189' title='bbox 1083 2733 1178 2799; x_wconf 84' lang='lat' dir='ltr'><strong>exilii</strong></span> 
     </span>
     <span class='ocr_line' id='line_1_25' title="bbox 75 2836 1178 2921; baseline -0.002 -21"><span class='ocrx_word' id='word_1_190' title='bbox 75 2855 184 2904; x_wconf 85' lang='lat' dir='ltr'><strong>causa.</strong></span> <span class='ocrx_word' id='word_1_191' title='bbox 223 2836 369 2921; x_wconf 86' lang='lat' dir='ltr'><strong>Scripsit</strong></span> <span class='ocrx_word' id='word_1_192' title='bbox 382 2854 460 2918; x_wconf 81' lang='lat' dir='ltr'><strong>ergo</strong></span> <span class='ocrx_word' id='word_1_193' title='bbox 474 2837 508 2900; x_wconf 89' lang='lat' dir='ltr'><strong>in</strong></span> <span class='ocrx_word' id='word_1_194' title='bbox 521 2837 624 2902; x_wconf 82' lang='lat' dir='ltr'><strong>exilio</strong></span> <span class='ocrx_word' id='word_1_195' title='bbox 639 2836 784 2902; x_wconf 86' lang='lat' dir='ltr'><strong>Satiram</strong></span> <span class='ocrx_word' id='word_1_196' title='bbox 800 2854 865 2902; x_wconf 84' lang='lat' dir='ltr'><strong>xv.</strong></span> <span class='ocrx_word' id='word_1_197' title='bbox 879 2845 914 2904; x_wconf 90' lang='lat' dir='ltr'><strong>et</strong></span> <span class='ocrx_word' id='word_1_198' title='bbox 929 2853 1012 2902; x_wconf 78' lang='lat' dir='ltr'><strong>xvi.</strong></span> <span class='ocrx_word' id='word_1_199' title='bbox 1025 2838 1056 2902; x_wconf 88' lang='lat' dir='ltr'><strong>si</strong></span> <span class='ocrx_word' id='word_1_200' title='bbox 1068 2841 1178 2900; x_wconf 84' lang='lat' dir='ltr'><strong>tamea</strong></span> 
     </span>
     <span class='ocr_line' id='line_1_26' title="bbox 73 2937 1177 3024; baseline 0.002 -26"><span class='ocrx_word' id='word_1_201' title='bbox 73 2957 147 3002; x_wconf 81' lang='lat' dir='ltr'><strong>vere</strong></span> <span class='ocrx_word' id='word_1_202' title='bbox 162 2946 196 3006; x_wconf 90' lang='lat' dir='ltr'><strong>et</strong></span> <span class='ocrx_word' id='word_1_203' title='bbox 210 2939 269 3004; x_wconf 90' lang='lat' dir='ltr'><strong>illa</strong></span> <span class='ocrx_word' id='word_1_204' title='bbox 282 2937 457 3008; x_wconf 75' lang='lat' dir='ltr'><strong>Juvenotis</strong></span> <span class='ocrx_word' id='word_1_205' title='bbox 471 2937 578 3018; x_wconf 83' lang='lat' dir='ltr'><strong>fuerit,</strong></span> <span class='ocrx_word' id='word_1_206' title='bbox 603 2938 691 3022; x_wconf 88' lang='lat' dir='ltr'><strong>quod</strong></span> <span class='ocrx_word' id='word_1_207' title='bbox 706 2944 859 3022; x_wconf 72' lang='lat' dir='ltr'><strong>negatum</strong></span> <span class='ocrx_word' id='word_1_208' title='bbox 884 2959 907 3006; x_wconf 90' lang='lat' dir='ltr'><strong>a</strong></span> <span class='ocrx_word' id='word_1_209' title='bbox 925 2939 1092 3024; x_wconf 83' lang='lat' dir='ltr'><strong>plerisque</strong></span> <span class='ocrx_word' id='word_1_210' title='bbox 1111 2943 1177 3001; x_wconf 86' lang='lat' dir='ltr'><strong>tes-</strong></span> 
     </span>
     <span class='ocr_line' id='line_1_27' title="bbox 74 3035 1175 3125; baseline -0.002 -23"><span class='ocrx_word' id='word_1_211' title='bbox 74 3043 156 3103; x_wconf 81' lang='lat' dir='ltr'><strong>tatur</strong></span> <span class='ocrx_word' id='word_1_212' title='bbox 179 3055 276 3108; x_wconf 77' lang='lat' dir='ltr'><strong>venus</strong></span> <span class='ocrx_word' id='word_1_213' title='bbox 298 3038 513 3104; x_wconf 82' lang='lat' dir='ltr'><strong>Scholiostes.</strong></span> <span class='ocrx_word' id='word_1_214' title='bbox 555 3039 623 3106; x_wconf 88' lang='lat' dir='ltr'><strong>Sed</strong></span> <span class='ocrx_word' id='word_1_215' title='bbox 646 3061 725 3106; x_wconf 88' lang='lat' dir='ltr'><strong>cum</strong></span> <span class='ocrx_word' id='word_1_216' title='bbox 748 3061 846 3125; x_wconf 83' lang='lat' dir='ltr'><strong>nuper</strong></span> <span class='ocrx_word' id='word_1_217' title='bbox 862 3037 1024 3104; x_wconf 67' lang='lat' dir='ltr'><strong>Carnuntem</strong></span> <span class='ocrx_word' id='word_1_218' title='bbox 1042 3035 1175 3102; x_wconf 79' lang='lat' dir='ltr'><strong>tunium</strong></span> 
     </span>
     <span class='ocr_line' id='line_1_28' title="bbox 73 3136 1174 3226; baseline 0.006 -27"><span class='ocrx_word' id='word_1_219' title='bbox 73 3136 174 3206; x_wconf 75' lang='lat' dir='ltr'><strong>subse</strong></span> <span class='ocrx_word' id='word_1_220' title='bbox 196 3141 298 3219; x_wconf 87' lang='lat' dir='ltr'><strong>dicat,</strong></span> <span class='ocrx_word' id='word_1_221' title='bbox 329 3141 403 3226; x_wconf 85' lang='lat' dir='ltr'><strong>jam</strong></span> <span class='ocrx_word' id='word_1_222' title='bbox 426 3158 507 3204; x_wconf 82' lang='lat' dir='ltr'><strong>saue</strong></span> <span class='ocrx_word' id='word_1_223' title='bbox 537 3159 613 3208; x_wconf 87' lang='lat' dir='ltr'><strong>cum</strong></span> <span class='ocrx_word' id='word_1_224' title='bbox 639 3141 786 3208; x_wconf 85' lang='lat' dir='ltr'><strong>Setiram</strong></span> <span class='ocrx_word' id='word_1_225' title='bbox 808 3142 901 3210; x_wconf 85' lang='lat' dir='ltr'><strong>illam</strong></span> <span class='ocrx_word' id='word_1_226' title='bbox 927 3144 1085 3210; x_wconf 86' lang='lat' dir='ltr'><strong>scriberet</strong></span> <span class='ocrx_word' id='word_1_227' title='bbox 1107 3157 1174 3206; x_wconf 83' lang='lat' dir='ltr'><strong>xv.</strong></span> 
     </span>
     <span class='ocr_line' id='line_1_29' title="bbox 75 3237 1177 3326; baseline 0.012 -27"><span class='ocrx_word' id='word_1_228' title='bbox 75 3237 205 3322; x_wconf 80' lang='lat' dir='ltr'><strong>elapsum</strong></span> <span class='ocrx_word' id='word_1_229' title='bbox 220 3244 315 3307; x_wconf 87' lang='lat' dir='ltr'><strong>illum</strong></span> <span class='ocrx_word' id='word_1_230' title='bbox 333 3237 535 3304; x_wconf 80' lang='lat' dir='ltr'><strong>Consulatum</strong></span> <span class='ocrx_word' id='word_1_231' title='bbox 558 3243 673 3310; x_wconf 87' lang='lat' dir='ltr'><strong>innuit.</strong></span> <span class='ocrx_word' id='word_1_232' title='bbox 717 3244 755 3309; x_wconf 88' lang='lat' dir='ltr'><strong>Is</strong></span> <span class='ocrx_word' id='word_1_233' title='bbox 780 3263 858 3326; x_wconf 76' lang='lat' dir='ltr'><strong>ergo</strong></span> <span class='ocrx_word' id='word_1_234' title='bbox 877 3263 954 3310; x_wconf 84' lang='lat' dir='ltr'><strong>cum</strong></span> <span class='ocrx_word' id='word_1_235' title='bbox 976 3243 1102 3310; x_wconf 82' lang='lat' dir='ltr'><strong>Consul</strong></span> <span class='ocrx_word' id='word_1_236' title='bbox 1124 3243 1177 3311; x_wconf 84' lang='lat' dir='ltr'><strong>su·</strong></span> 
     </span>
     <span class='ocr_line' id='line_1_30' title="bbox 76 3344 1176 3430; baseline 0.01 -28"><span class='ocrx_word' id='word_1_237' title='bbox 76 3345 133 3406; x_wconf 88' lang='lat' dir='ltr'><strong>crit</strong></span> <span class='ocrx_word' id='word_1_238' title='bbox 145 3363 233 3410; x_wconf 81' lang='lat' dir='ltr'><strong>auno</strong></span> <span class='ocrx_word' id='word_1_239' title='bbox 248 3361 358 3412; x_wconf 82' lang='lat' dir='ltr'><strong>cxtx.</strong></span> <span class='ocrx_word' id='word_1_240' title='bbox 368 3344 509 3430; x_wconf 89' lang='lat' dir='ltr'><strong>proinde</strong></span> <span class='ocrx_word' id='word_1_241' title='bbox 523 3349 600 3410; x_wconf 84' lang='lat' dir='ltr'><strong>aute</strong></span> <span class='ocrx_word' id='word_1_242' title='bbox 611 3365 732 3410; x_wconf 75' lang='lat' dir='ltr'><strong>annm</strong></span> <span class='ocrx_word' id='word_1_243' title='bbox 744 3346 788 3412; x_wconf 85' lang='lat' dir='ltr'><strong>ad</strong></span> <span class='ocrx_word' id='word_1_244' title='bbox 801 3346 973 3414; x_wconf 80' lang='lat' dir='ltr'><strong>minimum</strong></span> <span class='ocrx_word' id='word_1_245' title='bbox 986 3362 1081 3411; x_wconf 84' lang='lat' dir='ltr'><strong>cxx.</strong></span> <span class='ocrx_word' id='word_1_246' title='bbox 1095 3347 1176 3413; x_wconf 83' lang='lat' dir='ltr'><strong>seri·</strong></span> 
     </span>
     <span class='ocr_line' id='line_1_31' title="bbox 76 3443 1173 3532; baseline 0.004 -24"><span class='ocrx_word' id='word_1_247' title='bbox 76 3443 146 3508; x_wconf 86' lang='lat' dir='ltr'><strong>bere</strong></span> <span class='ocrx_word' id='word_1_248' title='bbox 159 3446 217 3512; x_wconf 80' lang='lat' dir='ltr'><strong>illa</strong></span> <span class='ocrx_word' id='word_1_249' title='bbox 233 3466 298 3512; x_wconf 88' lang='lat' dir='ltr'><strong>non</strong></span> <span class='ocrx_word' id='word_1_250' title='bbox 317 3448 429 3532; x_wconf 86' lang='lat' dir='ltr'><strong>potuit</strong></span> <span class='ocrx_word' id='word_1_251' title='bbox 441 3446 464 3512; x_wconf 83' lang='lat' dir='ltr'>J</span> <span class='ocrx_word' id='word_1_252' title='bbox 467 3448 627 3512; x_wconf 84' lang='lat' dir='ltr'><strong>nveualis.</strong></span> <span class='ocrx_word' id='word_1_253' title='bbox 671 3447 747 3513; x_wconf 89' lang='lat' dir='ltr'><strong>Nec</strong></span> <span class='ocrx_word' id='word_1_254' title='bbox 761 3467 841 3516; x_wconf 87' lang='lat' dir='ltr'><strong>vero</strong></span> <span class='ocrx_word' id='word_1_255' title='bbox 853 3452 971 3530; x_wconf 83' lang='lat' dir='ltr'><strong>postea</strong></span> <span class='ocrx_word' id='word_1_256' title='bbox 984 3448 1173 3532; x_wconf 68' lang='lat' dir='ltr'><strong>scripsisse,</strong></span> 
     </span>
     <span class='ocr_line' id='line_1_32' title="bbox 77 3545 1176 3634; baseline 0.003 -26"><span class='ocrx_word' id='word_1_257' title='bbox 77 3545 188 3610; x_wconf 84' lang='lat' dir='ltr'><strong>exinde</strong></span> <span class='ocrx_word' id='word_1_258' title='bbox 204 3549 401 3632; x_wconf 78' lang='lat' dir='ltr'><strong>colligimus,</strong></span> <span class='ocrx_word' id='word_1_259' title='bbox 422 3549 513 3632; x_wconf 89' lang='lat' dir='ltr'><strong>quod</strong></span> <span class='ocrx_word' id='word_1_260' title='bbox 535 3547 620 3614; x_wconf 86' lang='lat' dir='ltr'><strong>intro</strong></span> <span class='ocrx_word' id='word_1_261' title='bbox 639 3548 849 3616; x_wconf 73' lang='lat' dir='ltr'><strong>brevissimum</strong></span> <span class='ocrx_word' id='word_1_262' title='bbox 868 3549 964 3614; x_wconf 80' lang='lat' dir='ltr'><strong>crilii</strong></span> <span class='ocrx_word' id='word_1_263' title='bbox 982 3558 1099 3634; x_wconf 75' lang='lat' dir='ltr'><strong>tempu</strong></span> <span class='ocrx_word' id='word_1_264' title='bbox 1116 3567 1176 3612; x_wconf 78' lang='lat' dir='ltr'><strong>en·</strong></span> 
     </span>
     <span class='ocr_line' id='line_1_33' title="bbox 77 3645 513 3736; baseline 0.009 -30"><span class='ocrx_word' id='word_1_265' title='bbox 77 3663 145 3728; x_wconf 81' lang='lat' dir='ltr'><strong>gom</strong></span> <span class='ocrx_word' id='word_1_266' title='bbox 159 3645 255 3716; x_wconf 79' lang='lat' dir='ltr'><strong>iiten</strong></span> <span class='ocrx_word' id='word_1_267' title='bbox 271 3647 361 3716; x_wconf 74' lang='lat' dir='ltr'><strong>tudio</strong></span> <span class='ocrx_word' id='word_1_268' title='bbox 373 3648 513 3736; x_wconf 79' lang='lat' dir='ltr'><strong>perierit.</strong></span> 
     </span>
    </p>
   </div>
   <div class='ocr_carea' id='block_1_3' title="bbox 0 0 1433 4792">
    <p class='ocr_par' dir='ltr' id='par_1_3' title="bbox 0 0 1433 4792">
     <span class='ocr_line' id='line_1_34' title="bbox 0 0 1433 4792; baseline 0 0"><span class='ocrx_word' id='word_1_269' title='bbox 0 0 1433 4792; x_wconf 95' lang='lat' dir='ltr'><strong> </strong></span> 
     </span>
    </p>
   </div>
  </div>
 </body>
</html>
