2817 4792
394 394 398 401 ·
419 382 617 437 excursus
639 387 691 435 no
715 385 796 439 ser.
821 388 863 445 n.
1136 373 1203 445 2⁰9

433 1136 857 1229 EXCURSUS

462 1382 464 1389 ’
520 1386 572 1439 ΑΙ)
587 1386 660 1440 sir.
677 1388 717 1441 11.
731 1395 758 1441 l.

119 1645 573 1713 Mrnonnnrurseitlectio
585 1658 713 1733 puteum
726 1652 934 1725 nuenton.
957 1657 1012 1727 in
1025 1662 1098 1749 jem
1111 1668 1192 1736 olim

64 1751 172 1836 conj.
186 1748 304 1814 Voles.
319 1753 351 1812 et
369 1746 486 1812 Graev.
510 1750 569 1831 qui
592 1749 680 1815 idem
695 1764 907 1837 persuaserat
930 1759 1009 1829 Nic.
1035 1764 1190 1849 Heinsio,

64 1860 114 1917 ut
132 1868 258 1917 mus
277 1851 350 1915 sit:
358 1846 453 1935 jebet
479 1848 647 1916 Cleanthas
671 1876 794 1921 servare
814 1867 953 1942 pateam,
984 1864 1085 1933 habet
1106 1870 1191 1936 ima.

65 1958 177 2038 ginee
193 1952 373 2031 Cleanthis,
396 1972 440 2017 ex
455 1960 557 2037 puteo
570 1974 693 2039 aquam
706 1958 900 2039 haurientis,
923 1965 979 2028 rel
999 1942 1190 2036 hauriendie

65 2056 182 2140 aquis
209 2053 299 2138 apud
324 2060 461 2136 putenm
489 2056 620 2121 suntin
673 2054 766 2123 Nem
794 2059 983 2144 Cleanthes,
1005 2069 1050 2132 eh
1072 2069 1191 2155 inopia

66 2162 234 2235 vexatus,
248 2161 286 2221 ut
296 2154 437 2220 interdiu
452 2154 574 2221 studiis
587 2157 754 2245 literarum
769 2180 890 2227 vacare
902 2172 1029 2247 posset,
1052 2190 1188 2253 operam

69 2278 177 2324 suam
190 2260 319 2323 locarit
331 2256 527 2323 Atheniensi
538 2259 682 2337 cuidam,
709 2262 804 2346 cujus
817 2262 948 2330 hortum
962 2276 1065 2335 noctu
1085 2290 1188 2357 aque,

67 2381 120 2426 ex
147 2360 247 2445 purch
270 2360 401 2439 heusta,
425 2362 585 2442 irrigaret,
607 2363 695 2426 uude
709 2369 743 2427 et
763 2364 925 2451 Φρεάντλης
937 2368 1131 2438 dictueeett
1153 2394 1187 2438 v.

69 2462 216 2539 Surdas,
241 2460 379 2543 Diogen.
403 2460 514 2525 Indrt.
529 2466 564 2526 et
584 2461 662 2525 Sen.
678 2462 789 2547 Epist.
803 2468 859 2531 ll.
904 2468 1093 2537 Idomnino
1105 2477 1187 2540 erri-

68 2566 156 2631 dere
171 2568 303 2647 potest:
318 2564 513 2627 senentiam
522 2568 629 2628 tamen
643 2565 735 2629 illam
749 2569 850 2650 paulo
864 2568 1050 2637 durioribus
1064 2574 1187 2641 ohscu-

67 2666 287 2748 riorihuaque
305 2664 416 2729 verbis
439 2680 633 2749 expressam
653 2684 732 2731 ease
755 2667 856 2734 facile
877 2670 1084 2754 intelligitu13
1108 2667 1186 2753 (risi

67 2770 163 2835 sorte
173 2776 300 2849 putenm
316 2760 478 2827 Cleanthis
492 2763 677 2844 legendum)
687 2780 797 2845 neque
807 2762 944 2846 vulgata
956 2763 1057 2831 lectio
1072 2770 1186 2855 inepta

67 2870 217 2935 ridetur.
267 2862 398 2927 Pnnn
421 2884 450 2927 e.
468 2859 612 2945 pluteum
634 2864 768 2947 proprie
791 2864 914 2929 dicitur
937 2884 1039 2945 esser,
1062 2873 1184 2952 parieti

70 2970 208 3047 affixus,
225 2967 480 3043 colomarium,
495 2964 738 3048 repositorium,
753 2966 922 3047 scrinium,
943 2969 1063 3052 parieti
1076 2972 1184 3039 inclu-

69 3092 159 3149 sum,
184 3072 219 3135 in
233 3088 300 3153 quo
313 3068 472 3151 imagines
487 3086 545 3131 seu
568 3066 643 3134 lihri
667 3069 925 3151 reponebantur3
947 3076 982 3136 et
1003 3072 1080 3138 hinc
1103 3074 1184 3159 ipae

70 3192 207 3258 quoque
221 3168 423 3235 bibliotheca
434 3173 494 3233 aut
505 3188 664 3233 muaernn.
709 3168 769 3234 Sic
781 3170 865 3235 forte
879 3191 936 3257 ep.
951 3173 1046 3239 Pers.
1063 3192 1087 3240 r.
1104 3178 1181 3244 loe.

70 3283 105 3341 et
131 3294 188 3359 ep.
216 3271 330 3348 Sidon.
359 3270 458 3355 cujus
480 3272 584 3335 verbe
611 3270 764 3337 Britaun.
789 3272 956 3339 laudavit:
985 3274 1082 3343 ‘Hic
1103 3276 1181 3342 libri

71 3378 201 3443 aarum
225 3378 260 3439 in
284 3380 434 3459 promtu:
465 3372 577 3437 ridere
600 3377 631 3435 te
657 3373 807 3437 crederes
829 3380 888 3439 aut
906 3377 1180 3458 grammaticales

71 3480 215 3562 pluteos,
239 3482 298 3541 eut
312 3472 465 3539 Athenoei
481 3490 615 3550 cuneos,
638 3478 696 3537 eut
718 3475 861 3539 armaria
873 3480 1045 3542 exstructa
1058 3479 1179 3545 biblio·

68 3582 220 3664 potarum
242 3586 276 3643 ot
293 3572 589 3643 bibliothecarum!
632 3574 769 3658 Lipsius
787 3577 822 3640 in
844 3576 940 3661 Synt.
962 3575 1006 3642 de
1024 3579 1177 3643 biblioth.

70 3700 100 3745 c.
113 3682 168 3746 10.
190 3681 255 3745 huc
278 3679 379 3744 etiam
402 3676 498 3742 refert
511 3682 608 3743 vetus
628 3676 803 3757 distichon,
825 3680 963 3760 imagini
978 3679 1176 3762 Virgilianae
1320 3736 1328 3745 .

69 3782 305 3866 subscriptum,
341 3780 471 3844 ‘Lucis
500 3780 622 3844 damna
649 3779 733 3844 nihil
763 3785 856 3844 tanto
883 3800 1025 3845 nocuere
1052 3780 1176 3863 poiitae,

72 3884 179 3964 Quem
202 3886 385 3966 praesentet
407 3883 513 3946 honos
539 3882 697 3948 carminis
721 3886 755 3945 et
777 3881 905 3963 plutei‚’
931 3882 976 3958 (h.
991 3900 1022 3945 e.
1045 3881 1176 3947 videtur

69 3988 193 4063 rivere,
221 3984 281 4069 qui
303 3984 338 4048 in
360 3983 455 4049 libris
479 3988 513 4047 et
540 3984 683 4075 imagine
704 3980 805 4065 vivit)
832 3988 865 4047 et
888 3980 995 4065 sigilla
1018 3979 1175 4065 plutcclr'c

71 4108 122 4173 ap.
137 4087 212 4152 Cic.
227 4085 359 4151 red-Ati.
376 4101 402 4149 1.
417 4086 470 4150 10.
492 4085 550 4150 uhi
572 4090 685 4149 tamen
710 4084 830 4166 optimi
851 4084 928 4149 libri
949 4078 1091 4170 rigillcte
1110 4104 1173 4171 prr·

71 4189 165 4254 terlio
178 4187 343 4253 exhibent.
704 4258 708 4265 ,
890 4236 894 4240 ‚

129 4304 256 4372 nenne
272 4305 407 4357 reon.
583 4305 643 4355 nee
1080 4303 1107 4356 ο
