2817 4792
426 357 671 410 nounuonuu
695 359 841 408 nosris.
1140 345 1191 416 ⁹8

67 516 143 582 vit:
165 513 238 578 ‘Ut
249 513 317 578 hoc
332 511 487 578 affirmari
501 513 563 578 rix
581 515 656 578 tuto
676 511 767 590 licet,
790 529 867 578 cum
887 512 1000 596 pluras
1016 511 1128 580 Rosos
1148 515 1188 580 iu

68 618 233 702 epistolis
257 621 419 680 memoret
443 614 582 694 Plinius,
606 617 653 680 ita
678 615 819 682 utillud
847 615 944 680 valde
968 616 1116 694 dubium,
1140 620 1189 682 nn'

70 721 257 790 Satiricam
289 717 368 782 Ruti
395 717 512 802 poiisin
538 717 706 784 Martialis
734 717 870 782 laudare
892 719 1044 785 voluerit.
1094 717 1191 786 Nmu‘

70 843 153 888 cunr
176 823 222 887 de
248 823 391 904 imagine
417 819 566 886 Suom
589 839 698 884 sermo
723 821 780 898 sit,
803 840 904 904 quern
924 821 1012 888 simo
1034 823 1128 890 vultu
1151 831 1187 892 et

71 925 200 990 Siluiis
226 923 328 988 simili
352 923 467 999 fnisse,
489 943 626 1006 gemmae
651 924 798 1008 antiquar
818 923 950 1001 uocem,
975 930 1088 1008 potest
1110 926 1186 992 hauc

72 1047 148 1091 asse
164 1027 329 1092 sententia
344 1025 524 1101 Martialis
548 1031 586 1088 ul
602 1023 704 1102 dicat,
726 1025 854 1089 vultum
874 1025 1082 1092 Sooeaticurn
1104 1027 1185 1094 Ruti

71 1131 176 1213 qnasi
188 1130 274 1193 irater
295 1127 435 1212 Satyros
448 1127 563 1204 luisse,
587 1131 644 1190 aut
657 1147 733 1190 eum
747 1127 876 1190 irrisum
891 1146 913 1191 a
927 1127 1081 1192 Satiricis
1102 1129 1186 1214 poli-

70 1231 138 1300 tis-⁸
184 1229 359 1296 Anninus
383 1229 604 1307 Centaurus
625 1229 847 1313 philosophus
871 1229 1018 1307 Stoicus,
1039 1233 1187 1314 tragicus

70 1333 191 1416 poiita,
214 1332 266 1417 (v.
283 1333 420 1397 Sueten.
436 1332 495 1396 vit.
512 1328 651 1412 Persii)
674 1335 708 1394 et
728 1335 915 1414 praeceptor
936 1330 1057 1409 Persii,
1070 1331 1186 1417 (cnjus

72 1437 192 1502 Satira
218 1453 253 1498 v.
277 1437 309 1499 ei
331 1435 492 1518 iuscripta
517 1431 596 1511 est)
619 1433 724 1496 multa
741 1432 879 1516 scripsit
896 1432 1130 1517 philosophica
1151 1443 1187 1503 nt

69 1539 252 1614 rhetorica,
280 1535 329 1621 (v.
359 1537 484 1602 Enseb.
513 1537 546 1600 in
575 1535 698 1600 Chron.
726 1536 771 1598 ad
796 1555 827 1600 a.
853 1533 952 1602 2083.
984 1535 1124 1605 Hieron.
1151 1542 1188 1607 iu
1317 1513 1323 1526 .

72 1640 185 1724 Epist.
212 1640 256 1704 ad
279 1638 440 1722 Magnum
460 1643 631 1715 oratorem,
654 1643 688 1702 et
711 1636 847 1714 Suidas‚
871 1639 929 1721 qni
951 1644 1059 1704 tamen
1078 1643 1187 1711 mulla

74 1742 119 1806 de
144 1763 188 1806 eo
210 1742 300 1806 salsa
319 1746 352 1805 et
375 1743 487 1826 inepta
512 1737 640 1824 tradit)
656 1739 747 1806 'forte
773 1739 979 1806 atunellum
1002 1742 1044 1808 rle
1068 1752 1187 1812 natura

77 1845 242 1921 Deorum,
258 1844 315 1926 qui
339 1842 500 1908 Phurnuti
520 1841 619 1924 vulgo
640 1860 763 1906 nomen
784 1861 855 1924 prm
878 1861 917 1908 se
938 1844 1097 1920 tortose
1118 1861 1186 1914 nou

75 1947 317 2013 commentaria
332 1947 367 2008 in
380 1943 557 2026 Virgilium
571 1949 606 2008 et
617 1944 724 2008 libros
736 1943 778 2008 de
800 1943 913 2026 liguris
931 1949 1184 2018 sententiarum:

75 2050 126 2134 (v.
149 2048 244 2113 Gell.
261 2063 302 2112 11.
322 2047 354 2111 6.
380 2063 435 2110 rx.
450 2047 483 2111 9.
506 2051 539 2110 et
563 2044 715 2110 Macron.
732 2064 767 2110 v.
782 2043 855 2130 19.)
877 2066 900 2110 a
921 2047 1053 2114 Nerone
1075 2057 1187 2120 autem

76 2157 214 2236 propter
232 2147 369 2214 libarius
392 2148 433 2212 de
453 2147 527 2230 ejus
550 2147 752 2212 carminibus
770 2147 935 2230 judicium
955 2152 1059 2218 exilio
1078 2157 1184 2220 mulc-

77 2259 168 2322 tatus
185 2257 248 2329 est,
263 2251 313 2336 (v.
326 2250 449 2315 Euseb.
462 2251 487 2314 l.
502 2249 526 2313 l.
541 2255 575 2314 et
590 2249 658 2316 Dio
673 2249 773 2316 Cass.
789 2267 888 2316 oxu.
904 2251 1006 2338 extr.)
1018 2262 1053 2318 et
1065 2263 1187 2340 postea

77 2353 271 2419 interiectus
296 2373 372 2418 curn
396 2351 568 2418 Musonio.
596 2351 657 2436 (cf.
674 2352 798 2417 Suidas
812 2359 847 2418 ct
860 2351 962 2418 Voss.
979 2354 1023 2418 de
1036 2356 1111 2421 hist.
1126 2359 1185 2422 lat.

81 2475 106 2522 1.
117 2457 175 2522 26.
200 2457 259 2520 ubi
275 2453 425 2519 diuersas
444 2456 651 2520 narrationes
671 2457 748 2520 illas
764 2455 815 2520 ita
832 2453 1055 2538 conciliavit.)
1096 2456 1188 2524 Enn-

80 2560 154 2624 ulern
185 2557 417 2642 composuisse
446 2557 585 2636 Salinas,
615 2557 782 2640 colligitur
809 2576 854 2620 ex
883 2557 994 2622 verbis
1023 2559 1187 2642 Fulgentii

79 2662 275 2728 Planciadis
288 2663 324 2725 in
339 2663 483 2744 exposit.
508 2679 605 2724 serm.
621 2665 686 2724 ant.
732 2659 979 2724 ‘'litivillitium
998 2660 1067 2727 dici
1090 2665 1187 2728 volu-

81 2771 174 2829 erunt
188 2765 246 2828 tila
259 2761 406 2846 putrida,
420 2783 496 2846 qum
511 2763 554 2826 da
569 2762 644 2827 telis
659 2761 794 2827 cadunt.
836 2759 979 2826 Plautus
1000 2761 1125 2829 Casina
1146 2784 1188 2831 ιι.

81 2867 111 2932 5.
125 2867 182 2932 39.
229 2865 306 2930 Non
329 2885 391 2948 ego
413 2865 505 2930 istud
526 2865 665 2930 verbum
688 2865 841 2930 cmsitem
862 2863 1046 2942 titivillitio,
1066 2866 1103 2930 id
1123 2875 1187 2946 est,

83 2985 116 3032 re
141 2967 321 3032 admodum
346 2967 520 3032 vilissima.
565 2967 656 3034 Nam
681 2972 717 3032 et
740 2967 792 3031 Μ.
816 2965 981 3032 Gomutns
1005 2967 1042 3030 in
1066 2967 1187 3055 Satyra

82 3071 147 3135 ait:
173 3069 343 3136 'litivillea
369 3067 494 3134 Flacca
521 3069 564 3134 do
589 3067 669 3135 ribi?
713 3069 769 3134 Ita
790 3069 877 3134 hunc
900 3069 1012 3132 locum
1036 3072 1187 3142 exhibuit

83 3169 259 3236 Munckcr.
287 3170 323 3234 in
352 3169 518 3254 Mythogr.
546 3171 620 3236 Lat.
649 3170 690 3236 Τ.
718 3188 760 3235 11.
784 3193 818 3256 p.
844 3173 920 3237 175.
965 3173 1188 3242 Gasanbonus

81 3293 157 3338 uero
172 3273 215 3336 do
230 3272 299 3337 Sat.
309 3271 408 3337 Rom
423 3273 534 3357 p-er
548 3281 582 3338 et
594 3273 671 3338 235.
687 3272 736 3338 ita
751 3273 870 3340 citavit
881 3282 1050 3359 postrema
1062 3280 1185 3344 verbor

82 3375 286 3440 tTitivillitii
314 3381 368 3439 sat
396 3375 479 3438 cedo
508 3374 591 3454 tibi,'
616 3381 650 3440 et
677 3375 752 3441 lroec
783 3381 971 3444 annotarit:
1004 3377 1187 3446 ‘Fortasse

81 3476 274 3560 legendum:
305 3475 495 3544 ‘litivillitio
522 3477 605 3544 istas
637 3477 721 3543 cedo
744 3479 827 3545 tibi-⁹
876 3477 963 3564 (Sed
982 3502 1016 3547 v.
1037 3480 1183 3546 Gronov.

83 3580 122 3644 ad
135 3579 252 3646 Plani.
270 3580 291 3643 l.
308 3577 348 3663 l.)
392 3579 533 3645 Videtur
546 3580 600 3644 hic
615 3599 694 3644 esso
704 3577 856 3646 Mnaens
871 3579 1057 3647 Cornutus:
1083 3601 1186 3664 quam

84 3683 210 3746 obrem
231 3682 337 3745 rerba
358 3681 466 3746 Persii
481 3681 551 3746 Sat.
569 3700 602 3744 v.
617 3683 670 3748 15.
695 3703 772 3766 quae
791 3686 857 3749 sub
877 3703 1022 3768 persona
1043 3680 1185 3752 Cornuti

84 3783 353 3864 pronunciantur:
378 3787 389 3816 ‘
404 3783 565 3866 pallentes
578 3785 691 3848 radere
705 3805 815 3850 mores
827 3787 973 3862 Doctus,
990 3789 1027 3848 et
1039 3784 1185 3863 ingenuo

84 3885 210 3968 culpam
224 3883 369 3966 deligere
382 3885 483 3964 ludo,'
502 3886 551 3952 ita
564 3893 645 3970 puto
669 3887 880 3971 accipienda,
899 3895 939 3950 ut
951 3885 1044 3950 dicat
1058 3885 1185 3956 Cornu*

84 3990 143 4066 tus,
158 4007 196 4050 se
211 3985 367 4050 Persium
380 3987 581 4072 discipulum
595 4009 691 4056 suum
705 3990 742 4052 in
754 3987 939 4052 scribendis
957 3987 1079 4054 Satiris
1091 4010 1185 4064 euers¹

83 4091 201 4169 ruisse,
225 4093 263 4152 et
287 4087 352 4152 hac
373 4091 554 4156 occasione
576 4089 755 4165 interdum,
778 4087 870 4152 velut
893 4091 1042 4173 exempli
1067 4111 1185 4169 eausa,

84 4191 207 4260 Satiras
227 4191 429 4280 scripsisse?
471 4191 585 4258 Satira
607 4191 725 4261 Gsvn
749 4189 834 4277 (non
857 4187 971 4262 Gallia·
996 4194 1051 4264 vel
1070 4189 1186 4280 Gabii,
