2817 4792
207 375 287 442 ³100
502 387 551 442 nn
574 383 657 438 suu.
681 385 842 450 uuormr,
865 385 1039 451 aquarn,

259 533 339 602 Hae
353 537 453 600 etate
465 531 526 620 (ab
541 551 573 599 a.
587 530 632 599 U.
647 522 679 598 c'.
694 531 773 598 669.
792 532 836 598 ad
850 551 882 598 a
892 530 989 617 746.)
1003 529 1092 598 vixit
1104 529 1327 608 Hortarius,
1404 556 1405 569 ¹

213 639 315 704 bomo
328 636 443 702 hilaris
456 656 498 701 ao
509 635 637 712 susus,
651 633 760 698 comis
780 640 814 698 et
833 634 1008 712 humanus,
1023 634 1171 698 urbanus
1186 637 1224 698 et
1236 631 1328 698 iace·

215 745 281 818 tus,
316 738 400 804 levis
428 743 462 802 et
488 735 610 802 Veneri
635 735 839 820 Bacchoque
862 753 929 800 uon
950 736 1060 800 minus
1083 752 1185 819 quam
1210 733 1329 800 Musis

216 859 328 919 carus,
343 839 430 904 fidus
449 845 484 905 et
505 838 680 916 candidus,
694 843 808 922 gratus
828 845 862 902 et
882 837 1066 916 officiosus,
1079 837 1278 920 ingeniosus
1297 839 1332 900 et

216 942 348 1022 doctus,
362 949 456 1026 patre
476 961 539 1007 nec
560 943 700 1026 ingenuo
721 961 785 1006 nec
806 941 909 1019 claro,
922 939 983 1006 ned
1004 939 1093 1005 bono
1115 943 1152 1004 et
1171 938 1330 1017 honesto,

216 1044 354 1110 meiduo
366 1063 494 1108 morum
509 1043 568 1108 filii
587 1042 727 1108 custode
744 1048 778 1107 et
798 1047 935 1121 rectore,
949 1043 1177 1125 virtutumque
1187 1047 1223 1105 et
1237 1061 1331 1124 prae·
1405 1052 1406 1131 ff

217 1151 351 1231 ceptore
371 1150 406 1211 et
425 1148 590 1232 exemplo,
612 1152 723 1223 nabis,
733 1145 785 1231 (v.
800 1146 871 1211 Sat.
887 1162 912 1209 ι.
925 1145 960 1209 4.
981 1145 1057 1210 loe.
1072 1163 1124 1228 sq.
1137 1145 1172 1208 c.
1184 1143 1244 1208 65.
1260 1141 1333 1228 sq.)
1405 1134 1406 1163 ³

217 1249 383 1332 praeclara
409 1248 570 1332 praeditus
598 1247 720 1326 indole,
749 1248 876 1312 artibus
902 1247 1050 1311 imbutus
1072 1245 1275 1310 liberalibus
1299 1249 1335 1309 et

216 1349 378 1429 honestis,
392 1348 616 1416 familiaritate
638 1347 834 1414 Graeconrm
855 1353 890 1414 et
910 1348 1015 1413 multo
1034 1365 1144 1412 rerum
1164 1365 1231 1410 usu
1247 1347 1334 1412 sub·

217 1457 325 1531 actus,
353 1451 669 1534 elegantissimorum
694 1470 961 1536 summorumque
983 1451 1128 1515 virorum
1152 1455 1332 1514 consuetu·

218 1551 295 1616 dino
317 1552 451 1636 politus,
473 1553 578 1633 gratia
599 1548 747 1616 Caesaris
767 1551 1020 1637 principumque
1041 1551 1191 1631 civitatis
1204 1550 1333 1616 floreus
1406 1618 1407 1621 ,

218 1671 262 1718 ac
290 1657 392 1730 bitus,
416 1672 483 1717 non
507 1657 690 1719 assectator
712 1671 826 1719 eornm
853 1655 907 1720 vel
929 1658 1115 1721 assentator
1134 1653 1274 1718 humilis
1300 1658 1335 1717 et

218 1754 429 1838 mancipium,
439 1753 531 1818 nulla
542 1754 760 1838 philosophiae
774 1754 955 1839 disciplina
971 1757 1136 1831 aebictns,
1151 1755 1212 1818 sed
1226 1753 1333 1820 modo

219 1875 265 1926 ex
280 1856 439 1934 Zenonis,
453 1855 555 1922 modo
577 1875 621 1921 ex
643 1856 782 1940 Epicuri
801 1857 907 1922 hortis
928 1857 1026 1922 tiores
1044 1857 1239 1940 decerpens,
1262 1859 1333 1942 pri·
1407 1896 1408 1905 κ

218 1965 332 2026 vatam
346 1959 507 2038 virtutem,
523 1969 598 2025 cnm
619 1959 712 2026 nulla
731 1959 877 2045 amplius
895 1959 1030 2042 publica
1042 1967 1142 2039 esset,
1156 1959 1275 2025 colens
1290 1979 1333 2026 ac

219 2061 432 2143 praecipiens,
448 2061 561 2125 fractis
574 2060 670 2125 Bruti
683 2057 861 2144 Cassiique
881 2061 1003 2144 opibus
1023 2066 1058 2126 et
1079 2077 1209 2126 summa
1221 2079 1335 2130 rernm

220 2157 265 2226 ad
280 2179 383 2226 unum
397 2167 530 2227 sonabis
540 2161 726 2246 populique
736 2179 902 2226 consensu
916 2159 1040 2239 delata,
1052 2161 1172 2226 cedens
1185 2163 1333 2231 termus

220 2269 253 2328 et
274 2264 377 2328 vitam
397 2263 547 2341 liberum,
561 2261 782 2341 commodam,
797 2263 897 2328 nullis
917 2263 972 2327 rel
993 2283 1145 2328 onmium
1159 2265 1214 2330 rel
1228 2285 1334 2350 nego-

219 2365 340 2432 tiorum
355 2366 563 2450 publicorum
583 2364 745 2429 molestiis
766 2369 936 2442 vexatam,
957 2365 1060 2430 otium
1079 2365 1215 2431 liberale
1234 2387 1334 2434 eccu-

221 2485 357 2550 ramque
368 2467 629 2532 mediocritatem
652 2469 795 2543 sectans,
810 2466 934 2542 auimo,
947 2470 1155 2550 paupertate,
1167 2472 1202 2531 et
1215 2469 1333 2550 gloriae

222 2587 334 2634 amore
349 2567 394 2632 ad
409 2570 558 2632 carmina
571 2566 726 2631 facienda
739 2567 915 2650 impulsus.

268 2668 351 2734 Post
375 2667 562 2753 Augustum
587 2669 682 2734 valde
710 2669 899 2736 mutabatur¹
920 2689 1029 2735 rerum
1052 2675 1172 2751 status,
1197 2679 1234 2739 et
1253 2673 1335 2740 libi·

220 2770 316 2838 dines
330 2771 486 2856 vitiaque,
500 2771 627 2857 pudore
644 2776 678 2834 et
697 2771 827 2854 legibus
847 2771 956 2836 adbuc
969 2770 1153 2852 refraenata,
1168 2779 1229 2840 aut
1241 2776 1334 2843 clem

222 2874 330 2956 magis
345 2893 445 2959 quam
460 2875 574 2958 palam
595 2873 754 2951 exercita,
772 2873 915 2938 vinculis
935 2873 1043 2958 ruptis
1063 2874 1169 2940 effuso
1182 2875 1335 2942 fereban-

222 2979 278 3042 tur
292 2993 403 3052 cursu,
418 2981 452 3040 et
468 2976 521 3040 vel
540 2976 677 3059 publica
699 2977 895 3042 auctoritate
914 2977 1144 3061 exemplisque
1158 2974 1335 3046 eremum

222 3075 460 3168 muniebantur.
502 3075 648 3140 Pessimi
662 3079 875 3160 imperatores
887 3085 979 3144 eant
995 3075 1147 3156 Tiberius,
1168 3079 1270 3145 bomo
1290 3082 1335 3147 ad

224 3177 392 3242 saevitiam
414 3183 447 3244 et
471 3197 566 3243 omne
588 3199 690 3263 genus
711 3181 879 3259 vitiorum,
900 3201 976 3266 quae
1002 3182 1089 3246 vivis
1113 3181 1272 3264 Aumsto
1300 3188 1336 3248 et

225 3277 427 3346 Germanico
442 3279 578 3348 Caesare
599 3289 688 3352 metu
711 3281 975 3363 dissimilarerat,
992 3287 1111 3348 natura
1131 3302 1335 3368 propensus,

225 3383 284 3468 qui
300 3381 441 3446 comitiis
455 3385 580 3468 populo
592 3385 742 3462 ademtis,
751 3384 871 3450 castris
884 3387 1090 3469 praetorianis
1101 3393 1198 3451 extre
1206 3385 1337 3452 Urbem

222 3485 405 3562 extructis,
429 3491 463 3550 et
486 3485 644 3551 institutis
664 3487 803 3572 judiciis
828 3487 1010 3571 majestatie
1033 3487 1335 3574 delationibnnque,

115 3583 119 3592 “
226 3588 349 3673 quibus
362 3587 508 3651 maxime
521 3588 713 3654 innocentes
733 3591 776 3654 ab
799 3609 840 3654 eo
862 3589 1207 3675 oeterisqnetyrannis
1221 3592 1337 3675 oppri-

224 3693 407 3767 mebantur,
419 3688 676 3755 dominationem
686 3691 856 3772 firmabat3
874 3687 970 3754 Cuius
983 3689 1144 3777 Caligula,
1155 3697 1338 3757 monstrum

227 3792 381 3871 hominis,
398 3811 474 3856 cum
496 3791 623 3858 ratione
635 3791 824 3874 insaniens3
849 3791 1013 3873 Claudius,
1026 3793 1159 3876 ingenio
1173 3793 1338 3877 preditus

226 3896 334 3974 ‘tardo,
357 3901 390 3962 et
417 3895 580 3960 uxoribus
605 3895 797 3978 libertisque
824 3895 999 3976 addictus3
1033 3891 1131 3973 Nero,
1154 3895 1338 3961 sceleribus

227 4015 296 4062 non
323 4000 429 4063 minus
456 3997 600 4075 infamis,
625 4015 727 4080 quam
756 3995 911 4079 ineptiis3
944 3993 1054 4058 Galba
1076 4015 1219 4077 avume3
1253 3993 1338 4060 otto

230 4097 341 4162 mollis
364 4107 398 4164 et
418 4099 601 4180 delicatus3
627 4088 770 4160 Vitellius
790 4117 916 4175 sevus,
937 4097 1091 4180 igneum,
1115 4103 1150 4163 et
1171 4117 1239 4164 non
1259 4117 1340 4182 pro-

229 4197 342 4264 fundus
370 4199 482 4275 modo,
509 4199 568 4264 sed
593 4200 834 4284 intempestive
862 4201 962 4265 edam
990 4215 1034 4266 ac
1061 4198 1209 4266 sordidae
1238 4201 1338 4283 guae

232 4299 311 4380 Quo
324 4298 504 4365 occisores
518 4302 656 4385 publica
677 4321 722 4367 ex
745 4306 836 4368 tauta
856 4303 954 4387 qnasi
974 4303 1133 4368 fluctuum
1152 4301 1340 4388 jactatione
