2817 4792
403 369 541 436 rouen,
565 371 611 422 ur
632 371 859 426 rotumum.
1130 355 1197 426 lto

56 523 299 608 negligant,
307 541 409 608 qoam
421 543 476 590 ars
488 543 564 591 esse
573 525 737 593 videntur.
767 525 1063 612 Plerumqueeuim
1071 529 1196 602 idonea

56 627 278 703 ooeosione,
289 646 313 690 a
325 631 471 712 ternpore
484 627 608 712 aliquo,
623 629 677 693 vel
689 627 778 708 loeo,
791 629 847 694 rel
866 631 1029 712 personis,
1044 634 1098 699 rel
1112 655 1194 702 curu

57 731 98 792 et
123 727 351 811 cogitatione,
369 729 404 792 iu
430 749 496 812 qua
509 737 671 808 versetur,
690 729 916 814 suppeditata,
937 737 972 796 et
992 731 1192 804 omniuo

58 829 212 894 ridendi
244 829 495 916 eastignurlique
522 831 702 911 voluntate,
740 832 888 916 obliquis
919 835 1125 900 orationibus
1157 845 1193 904 et

58 931 175 997 velut
186 933 290 1016 louge
301 931 391 997 uliud
405 951 517 1016 agens,
531 953 655 998 errores
669 955 710 999 ao
720 937 804 1000 vitia
824 937 944 1020 carpit,
958 955 1011 1000 res
1033 939 1145 1004 varias
1158 945 1194 1008 et

62 1040 205 1116 sponte
219 1035 489 1100 subminisuatus
510 1036 729 1120 persequitur,
742 1037 883 1100 missilia
904 1036 1074 1120 inopinato
1096 1059 1192 1123 spar-

64 1135 134 1218 git,
173 1135 399 1218 imprudentes
421 1135 566 1200 adoritur
588 1155 633 1200 ex
655 1135 799 1214 insidiis,
822 1137 952 1202 subitos
971 1137 1193 1225 obliquosque

63 1238 136 1304 (lat
166 1238 269 1316 ictus,
285 1255 419 1304 amoena
439 1237 516 1302 loca
538 1238 740 1320 negligenter
761 1257 803 1302 ae
825 1238 931 1302 libero
953 1257 1052 1304 eursu
1073 1261 1194 1324 perva-

68 1346 195 1424 gnum,
211 1359 307 1425 saepe
320 1341 363 1405 (le
375 1340 434 1406 rin
446 1339 603 1418 declinat,
616 1359 720 1424 quam
740 1339 842 1406 modo
855 1339 984 1417 inierat,
1003 1347 1038 1406 et
1057 1343 1111 1406 vel
1125 1361 1195 1409 oer-

66 1447 156 1506 tnnu
179 1441 283 1506 fiunem
297 1442 540 1526 consiliumque
552 1441 642 1506 baud
656 1443 752 1526 sequi
764 1441 903 1520 videtur,
917 1441 972 1506 vel
993 1440 1038 1506 ad
1060 1448 1192 1524 metam,

70 1546 105 1609 ni
123 1565 199 1630 quo
221 1547 253 1610 ei
274 1549 338 1624 est,
361 1545 469 1628 longis
494 1543 691 1628 ambagibus
709 1543 921 1628 flexibusque
944 1543 1086 1608 dirersis
1106 1545 1194 1614 laute

70 1647 269 1725 contendit,
282 1648 332 1712 ita
354 1651 392 1712 ut
411 1645 565 1731 plurimae
588 1645 663 1730 ejus
686 1645 798 1710 sufiroe
817 1647 993 1729 imaginem
1015 1647 1195 1716 exhibeant

74 1749 336 1827 ambulationis,
351 1749 386 1813 iu
399 1766 468 1832 qua
481 1747 642 1831 quolibet
663 1747 739 1812 loca
751 1747 853 1812 devia
872 1755 910 1822 ὥς
924 1750 951 1810 b
963 1744 1077 1836 παρόδῳ
1088 1750 1194 1819 oculis

72 1853 334 1936 perlustrantur,
350 1851 502 1914 etomuis
515 1849 572 1914 ria
585 1855 638 1916 est
657 1857 760 1916 recta
805 1851 940 1916 Persius
963 1856 996 1915 et
1020 1849 1194 1919 iuvenalis

76 1971 325 2036 nonuunquam
335 1950 470 2036 quidem
484 1949 664 2017 Horatium
679 1949 778 2016 etium
790 1950 856 2016 hae
870 1953 905 2015 iu
922 1971 959 2040 ro
971 1951 1092 2016 imituti
1106 1959 1193 2032 sunt,

79 2055 147 2120 seul
157 2055 357 2140 plerumque
368 2071 461 2117 more
474 2051 745 2136 pbilosophorum
759 2052 989 2138 rhetorumque
1002 2073 1101 2120 uuum
1121 2060 1195 2122 tau·

80 2163 157 2222 turn
171 2155 284 2222 tlresiu
295 2155 479 2238 explicent,
499 2159 534 2219 et
553 2159 645 2220 recto
658 2155 774 2220 itinere
797 2154 940 2238 dirigunt
961 2175 1107 2234 emmor,
1126 2177 1195 2242 quo

83 2259 301 2337 oonteurlmrt,
316 2277 392 2322 raro
413 2276 434 2321 a
455 2255 512 2320 via
530 2257 735 2322 aberrantes:
756 2257 954 2339 negligentia
973 2259 1061 2322 euim
1082 2257 1195 2324 Horu·

84 2363 191 2440 fluns,
203 2379 283 2447 quae
306 2361 340 2425 iu
355 2361 477 2446 J'oooso
491 2358 624 2424 dicendi
638 2377 754 2442 genere
769 2357 907 2422 mirifice
921 2377 984 2422 uos
1004 2358 1160 2437 delectat,
1173 2375 1196 2424 a

86 2465 245 2548 metiore
265 2481 307 2528 uo
321 2461 455 2526 sublimi
469 2461 619 2526 oratioue
633 2460 746 2523 aliena
759 2464 820 2523 est.
864 2457 961 2522 Illius
982 2459 1095 2524 satiro
1118 2467 1197 2528 sunt

85 2567 234 2652 poiitioae
259 2564 535 2650 penruotatioues
556 2559 796 2647 propositionis
819 2559 1073 2644 pbilosopbieoe,
1094 2560 1196 2648 hujus

88 2685 170 2734 vero
195 2667 351 2732 nomam
376 2665 550 2746 rhetorici3
571 2665 682 2729 doetae
705 2662 841 2748 quidem
862 2667 896 2726 et
916 2662 1078 2728 interdum
1105 2663 1196 2748 inge·

86 2771 210 2846 uiosoe,
223 2785 301 2852 quae
316 2772 426 2832 tamen
439 2765 546 2847 magis
567 2785 605 2830 se
626 2763 859 2829 commendant
880 2768 961 2842 erte,
976 2782 1044 2847 qua
1067 2765 1197 2846 ungula

88 2873 344 2955 pertruetautur,
360 2886 462 2952 quam
472 2865 607 2954 poitioa
624 2867 824 2944 inventione,
835 2884 903 2951 qua
922 2883 1061 2949 prorsus
1081 2874 1197 2932 eurem

88 2972 172 3052 illae,
195 2969 373 3054 inquibus
392 2967 485 3034 vana
509 2973 634 3032 tantum
657 2969 757 3033 unius
775 2965 944 3032 bominum
964 2967 1093 3050 generis
1114 2969 1197 3034 vitiu

90 3077 312 3150 reoensmtur,
327 3089 360 3134 r.
371 3091 403 3136 ο.
416 3070 588 3136 mulierum
602 3069 638 3134 in
650 3075 750 3134 sexta
762 3070 868 3151 satira
877 3067 1066 3136 luvenalis.

132 3175 176 3242 In
201 3175 437 3242 sententiarum
462 3191 555 3236 nexu
582 3191 755 3255 rerumque
781 3171 896 3236 ordine
920 3177 955 3236 et
977 3171 1197 3240 collocaboue

1 3353 2 3366 χ
92 3274 259 3344 Horatius
285 3295 352 3340 uon
385 3273 489 3340 modo
515 3273 760 3358 negligentiam,
793 3291 935 3355 eamque
961 3275 1197 3356 gratissimam,

93 3377 250 3455 ostendit,
271 3376 330 3440 sed
354 3393 517 3440 summam
537 3393 672 3458 quoque
698 3378 931 3457 enumquam
946 3379 1058 3440 tamen
1079 3377 1198 3444 sedulo

93 3479 283 3546 dissimilet.
340 3477 427 3543 Tam
449 3475 591 3540 natrnali
614 3473 702 3538 euim
737 3478 896 3558 arctoque
921 3475 1059 3540 viuculo
1087 3479 1199 3544 omnia

94 3581 284 3657 constrictu,
296 3583 365 3644 tam
378 3577 515 3642 mirifice
526 3577 593 3640 alia
606 3595 650 3639 ex
663 3576 739 3640 aliis
754 3582 834 3660 apta
847 3581 881 3640 et
901 3595 991 3641 nexa
1003 3583 1090 3653 sunt,
1104 3582 1199 3640 tanta

94 3681 255 3748 facilitate
264 3680 370 3745 oratio
383 3679 484 3743 eurrit
497 3697 539 3742 ao
552 3677 635 3756 fluit,
650 3681 720 3742 tam
730 3679 813 3743 scite
826 3681 975 3742 extrema
985 3697 1062 3741 eum
1081 3677 1198 3759 primis

94 3789 127 3850 et
149 3787 354 3868 partescum
375 3785 444 3846 toto
463 3778 639 3858 oohoerent,
652 3785 689 3844 ut
710 3780 782 3843 sine
800 3779 922 3861 insigni
945 3779 1048 3842 totius
1072 3775 1199 3842 ordinis

94 3883 336 3970 perturbatione
351 3884 412 3948 vix
425 3883 606 3967 quicquum
620 3881 674 3946 vel
688 3880 857 3965 transponi
876 3879 985 3962 possit
1006 3875 1060 3940 rel
1079 3877 1204 3960 omitti,

1 3989 2 3992 ’
95 3991 197 4070 utque
207 3985 330 4050 dubius
351 3983 670 4066 sis,utrumsingula
684 4001 767 4048 casu
788 4001 830 4045 ao
851 3985 971 4061 sponte
993 3979 1060 4043 sint
1072 3978 1199 4060 oblata,

1 4091 2 4102 ’
96 4087 149 4152 rel
170 4093 251 4153 nata
270 4091 415 4170 repente,
429 4092 463 4152 et
476 4087 548 4150 sine
561 4083 673 4150 studio
688 4101 731 4147 ac
751 4101 832 4146 eura
852 4079 939 4143 ueris
962 4079 1133 4160 mandata,
1154 4101 1199 4146 an

2 4214 6 4257 l
99 4188 357 4274 diligentereute
370 4207 515 4280 enoussa
523 4193 558 4253 et
575 4185 728 4271 quaesita,
742 4184 796 4249 rel
809 4181 1050 4270 praemeditata.
1093 4183 1202 4249 Persii
