2817 4792
478 453 530 502 Ab
552 453 636 505 ΕΔΤ.
659 455 714 507 Vl.

386 699 814 786 EXCURSUS

454 879 739 936 mmmm

88 1029 201 1102 Locus
214 1035 376 1106 obscurus
391 1045 424 1106 et
438 1061 460 1106 a
474 1043 615 1110 librariis
636 1044 720 1110 sorte
734 1051 927 1129 cormptosz
949 1065 1079 1110 curruca
1093 1050 1147 1116 16.

40 1133 98 1202 48.
134 1156 243 1200 cornea
269 1140 323 1205 2³.
361 1161 473 1206 curum
500 1146 553 1212 13.
599 1133 739 1212 Rectius
761 1147 874 1214 forsan
897 1167 1011 1210 curum
1035 1150 1148 1221 17-22.

40 1235 98 1302 ⁴24.
113 1237 167 1302 ω.
182 1237 237 1304 60.
259 1242 312 1308 vel
334 1264 465 1308 curruca
490 1247 738 1324 1851012.
753 1249 875 1314 lule.
890 1249 944 1314 25.
966 1250 1078 1316 4547.
1092 1251 1147 1320 50.

39 1339 97 1402 54.
111 1340 222 1406 5858.
236 1342 292 1408 04.
307 1345 361 1412 68.
377 1348 431 1413 70.
445 1349 499 1412 74.
514 1351 568 1414 77.
582 1350 635 1414 81.
650 1348 704 1414 82.
750 1348 878 1414 Neutro
890 1368 969 1417 vcro
981 1369 1053 1416 vox
1067 1351 1148 1418 uiui

40 1443 212 1525 reperitur,
234 1451 266 1510 et
280 1447 431 1514 barbares
448 1450 646 1516 videbantur
669 1447 805 1514 Alciato
826 1448 963 1532 Pererg.
986 1450 1060 1514 Jur.
1080 1468 1147 1516 vu.

40 1544 74 1606 5.
97 1546 156 1627 qui
170 1547 223 1610 vel
237 1547 352 1626 urtica,
367 1552 420 1614 vel
435 1571 512 1616 cum
526 1552 602 1616 eliis
619 1571 711 1613 eruca
731 1549 957 1633 reponendum
971 1552 1148 1622 censebat:

40 1665 135 1707 cruca
150 1646 263 1713 61-63.
278 1649 391 1717 65-67.
406 1652 461 1718 69.
477 1653 589 1718 7173.
634 1651 688 1718 lta
701 1651 823 1716 dicitnr
836 1651 998 1716 insecuuu
1016 1653 1148 1735 parvis·

40 1747 174 1826 simum,
189 1751 357 1816 brassicas
373 1752 571 1838 depascens,
588 1752 647 1820 Gr.
663 1751 776 1835 κάμπη,
796 1752 908 1820 Germ
924 1750 1039 1837 Ruupe
1048 1776 1059 1830 ,·
1079 1772 1148 1822 uon

39 1869 140 1912 eruco
155 1852 210 1915 vel
223 1849 355 1934 humen,
376 1875 454 1940 qum
468 1862 581 1921 temen
596 1857 771 1940 scripturae
788 1857 824 1920 in
837 1856 1039 1941 quibusdem
1052 1856 1148 1924 libris

39 1948 230 2031 iuvenalis,
249 1959 287 2019 ut
305 1960 338 2020 et
359 1955 550 2023 columellae
571 1959 778 2042 aliorumque
795 1958 1016 2040 reperiuntur:
1046 1979 1147 2022 eruce

40 2053 72 2118 1.
88 2054 143 2118 75.
158 2055 212 2119 76.
239 2053 357 2120 humen
372 2059 426 2124 40.
440 2060 494 2124 55.
537 2058 667 2125 Vellem
681 2063 793 2122 mmen
808 2056 961 2124 Alciutus
974 2059 1147 2127 verborum

40 2155 142 2222 mmul
162 2157 306 2236 illorum,
330 2179 407 2243 quie
431 2161 610 2237 substituit,
626 2159 820 2224 sententiam
841 2158 1030 2245 adjecisset,
1045 2179 1147 2243 qoem

40 2257 134 2323 haud
148 2258 247 2324 facile
260 2259 433 2344 expedies.
477 2260 600 2342 Inepte
612 2263 702 2324 certe
717 2262 770 2321 est
782 2259 1009 2342 interpretatio
1021 2257 1146 2339 valle,

41 2361 100 2444 qui
130 2362 283 2428 maritum
313 2361 483 2447 stupidum
512 2365 759 2445 torpentemque
784 2358 818 2424 h.
833 2360 857 2424 1.
884 2379 1005 2422 erucam
1031 2361 1148 2428 vocari

39 2466 147 2549 putet,
171 2462 261 2544 quod
287 2463 330 2526 eb
356 2482 460 2528 uxore
484 2463 663 2545 inemptus
686 2461 770 2524 miro
794 2461 925 2526 silentio
951 2461 1146 2540 obticescat,

41 2560 179 2645 perinde
200 2558 240 2626 ec'
259 2563 289 2626 si
313 2563 356 2627 ab
379 2561 495 2626 eadem
519 2563 564 2626 sit
585 2569 738 2626 enectusz
767 2562 858 2645 quod
881 2561 1008 2643 colligit
1028 2582 1048 2628 e
1070 2563 1148 2632 locu

41 2662 175 2728 Colum.
197 2679 252 2728 xr.
273 2664 307 2728 0.
329 2671 411 2730 extr.
432 2663 474 2728 de
497 2665 626 2729 erucis:
649 2663 883 2730 ‘Democritus
908 2661 1059 2741 affirmet,
1083 2663 1146 2729 bns

40 2769 135 2850 ipsas
148 2765 307 2830 bestiolas
321 2766 462 2842 enecari,
481 2766 511 2828 si
526 2765 650 2842 mulier,
673 2783 751 2848 quae
766 2764 802 2828 in
820 2765 993 2830 menstruis
1007 2773 1069 2843 est,
1090 2785 1147 2832 so·

40 2867 121 2932 lutis
142 2868 288 2932 crinibus
307 2871 341 2932 et
363 2865 454 2930 nudo
477 2864 563 2948 pede
585 2884 853 2949 unamquemque
874 2883 987 2931 ereum
1010 2870 1060 2930 ter
1083 2866 1147 2930 cir·

40 2975 191 3049 eumeet3
214 2974 292 3051 post
313 2968 378 3032 hoc
398 2967 486 3032 enim
505 2965 658 3036 decidere
680 2984 797 3030 omnes
815 2965 1025 3041 vermiculos,
1044 2970 1078 3029 et
1099 2966 1147 3034 ite

40 3069 166 3136 emori?
209 3070 383 3155 Suspicnri
404 3070 518 3153 potius
541 3068 665 3152 possis,
686 3067 852 3133 hominem
864 3065 959 3132 nihili
974 3065 1147 3132 stolidum·

41 3192 105 3255 que
125 3191 247 3234 erucam
269 3170 394 3246 vocari,
417 3168 695 3254 quemadmodum
717 3167 856 3234 Plautus
876 3166 978 3233 Truc.
995 3184 1030 3232 v,
1045 3169 1077 3238 5.
1091 3170 1145 3235 50.

41 3293 165 3357 compos
178 3291 241 3355 pro
256 3263 347 3357 nugis
360 3271 644 3338 dixerit—Vetus
658 3270 809 3336 scholion
828 3270 860 3334 b.
876 3270 900 3334 1.
921 3277 989 3336 est:
1012 3274 1023 3303 ‘
1040 3265 1146 3334 Urusa

40 3375 208 3457 mimologi
229 3373 355 3472 stupidi
378 3391 495 3436 nomeu
515 3370 620 3448 finxit,
646 3371 726 3472 quie
748 3369 848 3432 ferme
874 3371 971 3454 quusi
992 3369 1146 3459 frequen·

40 3482 88 3541 ter
112 3476 246 3553 fallitur,
275 3495 353 3540 eum
377 3477 446 3555 egit
469 3491 643 3556 personam
663 3471 791 3536 meriti:
818 3470 893 3555 (aut
916 3490 961 3534 ex
983 3470 1145 3540 emendat.

40 3574 216 3657 Schumfl„
239 3579 295 3660 qui
321 3596 343 3641 a
367 3575 507 3640 soemine
532 3593 594 3638 sue
622 3573 674 3636 sie
698 3571 885 3655 frequenter
908 3571 1042 3648 fallitur,
1068 3589 1146 3642 cum

42 3678 181 3741 asciscit
195 3696 369 3760 personam
384 3672 511 3758 mariti)
534 3675 597 3754 vel,
616 3680 653 3739 ut
666 3673 725 3738 alii
740 3672 865 3749 dicunt,
886 3691 989 3754 genus
1001 3676 1056 3740 est
1075 3670 1146 3735 eni·

41 3779 138 3842 mulis
153 3778 247 3856 soedi,
268 3779 406 3860 spinosi,
431 3783 466 3840 ut
486 3776 621 3841 ericius.
670 3771 776 3836 Uruca
802 3778 914 3836 eutem
935 3777 988 3836 est
1010 3773 1146 3856 proprie

41 3877 134 3956 illud,
149 3879 238 3961 quod
253 3879 286 3942 in
305 3877 385 3941 laba
404 3877 564 3953 uescitur,
586 3881 623 3940 ut
645 3871 820 3957 gurgulio!
864 3870 962 3936 Conf.
984 3871 1145 3938 Steweoh.

42 3977 84 4040 ed
100 3977 235 4063 Apuleii
250 3978 393 4062 Apolog.
409 3999 443 4062 p.
457 3979 534 4046 495.
558 3977 702 4045 salmes.
719 3973 840 4044 Exere.
855 3971 944 4039 Plin.
963 3993 999 4059 p·
1012 3971 1089 4040 893.
1112 3977 1146 4041 et

43 4079 86 4142 nd
101 4080 238 4146 Tertull.
260 4103 294 4166 p.
310 4082 385 4147 187.
