2817 4792
417 367 490 418 run
513 325 639 414 susos
664 365 838 416 pransae.
1137 323 1199 414 47'

142 545 151 558 '
245 546 289 611 Α.
302 545 345 611 U.
357 545 397 610 C.
412 545 487 611 804.
531 544 721 612 curisfiol.
763 545 1008 612 Iuvenalisld.

105 700 271 766 Ostorius
295 700 330 764 in
355 697 527 766 Britannia
548 697 670 762 oenum
697 698 781 780 gerit
805 697 965 762 adversus
991 697 1178 780 Brigantas.

7 817 17 830 ⁷
63 800 118 867 cf.
134 801 369 867 adstetxrv.
385 801 461 866 loo.

136 1001 183 1066 Α.
197 999 297 1064 uc.
311 953 465 1066 eursu.
510 997 632 1064 cunni
648 999 762 1066 moe.
806 999 981 1064 Juvenun
995 999 1107 1064 resa.

108 1149 259 1216 Claudio
296 1147 397 1234 Imp,
432 1151 489 1236 qui
526 1149 726 1234 Agrippinae
755 1150 872 1216 uxoris
898 1147 1014 1214 fraude
1043 1155 1179 1214 necatur

64 1251 179 1318 boleto
203 1257 379 1330 venenato,
404 1251 454 1337 (u.
476 1251 518 1318 od
540 1251 610 1316 Sat.
627 1270 664 1315 v.
679 1253 756 1318 147.
780 1258 813 1316 et
827 1268 877 1314 vr.
891 1251 957 1316 620
970 1247 1040 1334 sq.)
1061 1251 1096 1316 in
1118 1252 1181 1316 im·

66 1355 162 1438 perio
177 1353 331 1420 succedit
347 1347 443 1431 Nero,
459 1353 556 1438 cujus
570 1359 604 1418 et
619 1352 799 1418 Domitiani
814 1353 1018 1437 temporibus
1032 1352 1181 1418 maximo

67 1475 198 1525 morum
218 1457 406 1540 corruptela
427 1456 651 1540 immaniaque
670 1455 752 1520 vitia
766 1455 880 1538 vigent
898 1459 931 1520 et
949 1453 1090 1536 flagitia,
1103 1473 1181 1540 quae

69 1559 101 1621 in
118 1559 241 1642 primis
264 1556 335 1640 Sat.
353 1575 378 1622 1.
396 1575 510 1624 11.111.
527 1575 577 1622 vr.
598 1563 633 1622 et
647 1574 733 1622 vlu.
757 1557 1005 1622 adumbrantur.
1050 1555 1103 1622 Ex
1124 1557 1182 1622 iis-

70 1657 143 1723 dem
161 1659 367 1740 intelligitur,
392 1659 559 1722 Neronem
582 1660 687 1726 luisse
709 1665 896 1743 tyrannum,
917 1659 1077 1743 aurigam,
1102 1679 1181 1726 om·

69 1766 182 1838 torem,
200 1760 431 1838 citharoedum,
451 1760 651 1838 histrionem,
674 1762 872 1846 popinarum
892 1762 1181 1846 frequentatorem,

69 1861 321 1944 paedioatorem,
363 1863 612 1942 incendiarium,
653 1863 852 1930 Troicorum
889 1867 1105 1950 scriptorem:
1144 1885 1178 1930 v.

70 1961 175 2027 Index
190 1969 226 2028 et
249 1962 321 2028 Sat.
338 1981 421 2030 vm.
442 1965 598 2031 193-230.
644 1965 783 2030 Famosi
807 1966 971 2032 delatores
995 1967 1095 2050 hujus
1115 1969 1181 2034 aevi

73 2059 199 2144 Matho,
226 2065 447 2145 Heliodorus,
475 2067 675 2146 Demetrius,
702 2067 862 2152 Egnatius
885 2067 992 2148 Celer,
1018 2067 1179 2153 Regulus,

73 2165 200 2246 Massa,
218 2165 344 2250 Cama,
355 2167 508 2232 'latinus
532 2169 585 2234 Ci.
601 2167 644 2234 ad
660 2169 732 2234 Sat.
748 2171 900 2238 1.32-36.
945 2169 1036 2234 Nero
1058 2171 1181 2237 dicitur

75 2263 233 2332 Domitius
250 2268 321 2333 Sat.
338 2269 513 2335 v111.228.

235 2469 282 2536 A.
295 2471 340 2535 U.
353 2467 392 2536 C.
413 2469 490 2537 810.
532 2471 656 2538 Christi
671 2473 726 2536 57.
771 2471 945 2536 iuvenalis
960 2471 1015 2536 16.

115 2605 152 2670 Si
165 2613 255 2672 recte
269 2605 445 2672 iuvenalis
466 2609 612 2672 natalem
627 2607 844 2687 definivimus,
869 2607 933 2672 hoo
957 2627 1043 2672 anno
1065 2613 1180 2691 togam

74 2705 127 2770 illo
148 2707 278 2774 virilem
299 2711 427 2786 sumsit,
452 2710 577 2794 quippe
600 2729 678 2792 quae
700 2728 787 2772 anno
812 2708 922 2772 aetatis
947 2724 1029 2771 xvi.
1049 2710 1179 2774 ineunte

77 2810 297 2875 sumisolebat
315 2808 374 2874 illo
389 2827 483 2876 aevo:
506 2831 540 2874 v.
563 2807 718 2874 Massoni
740 2810 811 2874 vita
834 2807 951 2872 Ovidii
973 2812 1008 2871 ot
1032 2808 1177 2889 Horatii,

76 2927 133 2972 neo
152 2931 219 2975 non
241 2909 355 2976 Notis.
378 2909 562 2995 Cenoluph.
579 2909 694 2974 Pisan.
717 2931 752 2994 p.
766 2911 832 2973 115
845 2929 895 2993 sq.
939 2907 1066 2974 Eodem
1090 2929 1180 2976 anno

79 3005 292 3077 Cossutianus
310 3007 437 3094 Capito,
456 3007 611 3094 Tigellini
626 3017 772 3094 generet
787 3009 916 3076 Ciliciae
932 3010 1121 3094 praefectus¹
1137 3011 1181 3078 do

78 3113 222 3192 pecuniis
235 3111 428 3198 repetundis
443 3113 632 3197 postulatus
646 3133 667 3178 a
682 3111 846 3177 Cilicibus
868 3119 902 3178 et
923 3113 1100 3179 damnatus
1117 3119 1177 3179 est.

80 3207 272 3282 CiadSat.
287 3231 370 3280 viu.
386 3215 441 3282 93.

235 3413 280 3478 A.
296 3411 340 3478 U.
357 3409 397 3480 C.
411 3411 487 3478 812.
533 3412 655 3478 Christi
671 3413 726 3480 59.
770 3411 946 3476 luvenalis
959 3411 1027 3494 18„

119 3545 158 3612 C.
169 3549 307 3616 Fonteio
316 3548 479 3633 Capitone
494 3553 528 3612 et
541 3547 710 3630 Vipsanio
726 3544 825 3610 Coss.
840 3545 986 3610 nascitur
1000 3541 1177 3622 Caluinus,

81 3647 200 3716 amicus
213 3651 399 3718 Juvenalis.
444 3648 498 3714 Cf.
514 3647 557 3712 ad
573 3650 643 3714 Sat.
661 3665 747 3713 xiii.
763 3647 819 3712 17.

232 3849 276 3916 Α.
292 3849 336 3916 U.
353 3849 393 3915 C.
415 3849 493 3914 815.
536 3847 728 3914 christoe.
773 3844 949 3913 Juvenalis
962 3843 1017 3908 21.

122 3977 197 4047 Hoc
220 3985 303 4054 sorte
324 4003 411 4050 anno
433 3985 571 4068 primum
594 3984 695 4068 potia
719 3981 836 4065 posuit
857 3978 1007 4042 borbum.
1058 3975 1111 4043 cf.
1130 3979 1178 4043 ad

85 4075 314 4244 Quidem
339 4103 428 4156 mu.
443 4089 555 4173 otisq.
580 4094 615 4153 et
638 4084 806 4151 Dodwolli
824 4080 947 4145 maai.
972 4075 1115 4159 Quintil.
1138 4101 1178 4164 ρ.
