2817 4792
226 416 293 483 262
633 432 640 442 “
674 388 885 477 'excussus

226 592 326 661 quarn
340 590 408 637 vox
422 570 512 656 galli,
528 570 683 657 gallinam
696 568 887 649 mordentis,
907 570 942 635 h.
958 589 988 634 e.
1012 569 1043 635 si
1065 566 1224 654 gallinam
1252 590 1353 635 rnor-

225 678 301 757 det;
332 680 401 740 tunr
424 674 511 739 enim
536 675 624 738 ultra
648 674 735 738 vires
757 692 874 755 urgere
902 673 988 737 solet
1011 690 1131 736 rocem
1156 673 1351 759 aeriusque

226 776 404 843 intendere.
430 774 565 846 ,Possis
578 776 677 840 eliam
691 775 807 858 simpl·
820 775 1044 859 interpretariz
1063 777 1203 839 miratur
1216 794 1351 840 roem

226 876 348 943 erilem
361 877 415 941 vel
428 894 577 955 raucam,
594 894 671 959 quae
685 894 753 940 non
765 876 873 939 minus
885 876 1013 959 ingrata
1026 881 1089 953 est,
1100 894 1142 940 ao
1153 893 1226 940 vox
1240 876 1351 957 galli-

225 980 331 1043 naoei.
374 977 461 1043 'l'um
474 978 595 1058 verbis,
613 976 756 1055 moritus,
772 974 833 1057 cui,
847 979 901 1042 vel
915 998 935 1041 o
949 998 1010 1063 quo
1022 975 1147 1063 gallina
1161 974 1350 1053 mordetur,

226 1080 431 1165 periphrasis
446 1080 661 1145 contineretur
681 1078 772 1161 galli,
787 1085 825 1142 ut
845 1096 1021 1162 caprarum
1042 1078 1154 1144 verbis
1181 1076 1349 1157 Horatii,

105 1260 107 1263 Ι
226 1176 334 1245 olentis
359 1202 467 1246 uxores
495 1180 615 1260 mariti,
643 1179 709 1244 Od.
739 1197 765 1245 r.
787 1180 840 1245 17.
863 1180 895 1243 7.
919 1181 978 1244 ubi
1000 1200 1034 1244 v.
1056 1178 1147 1255 Jaui,
1173 1180 1236 1262 qui
1263 1180 1349 1244 colb

225 1280 366 1349 Theocr.
382 1298 437 1347 rx.
452 1282 506 1347 49.
531 1280 628 1365 Virg.
649 1280 722 1345 Eel.
744 1297 808 1344 vu.
824 1282 855 1345 7.
875 1286 910 1344 et
934 1279 998 1345 Ge.
1023 1297 1081 1345 ιιι.
1104 1279 1180 1344 125.
1208 1286 1347 1358 monet,

224 1384 309 1450 banc
324 1385 529 1471 periphrasin
542 1404 607 1449 nun
620 1383 785 1465 languere,
810 1380 869 1445 sed
889 1381 1090 1465 exquisitam
1110 1398 1152 1444 ae
1175 1380 1346 1446 festivam

225 1505 310 1566 esse,
325 1507 402 1570 quae
422 1487 561 1551 latinum
584 1504 766 1549 sermonem
790 1481 961 1568 poeticum
981 1482 1120 1547 mirifice
1145 1481 1288 1560 deceat,
1309 1484 1345 1547 in

225 1584 294 1651 alio
313 1591 434 1664 autem,
450 1587 637 1671 nostrisque
665 1586 879 1669 temporibus,
900 1584 1009 1649 minus
1033 1584 1343 1668 graue-habiturn

225 1689 279 1752 sit.
323 1686 389 1753 Illa
402 1694 512 1751 tamen
528 1688 613 1753 ratio
637 1689 716 1753 huie
737 1685 954 1753 anteferenda.
992 1685 1144 1751 Ceterrnn
1162 1686 1251 1749 bene
1267 1685 1304 1748 b.
1317 1682 1342 1749 l.

225 1798 435 1873 conparatu
459 1790 554 1854 locus
580 1788 721 1869 Quintil.
748 1789 831 1855 inst.
857 1804 913 1853 ιιι.
935 1791 968 1854 8.
999 1788 1105 1853 ‘Vox
1130 1786 1223 1852 ultra
1247 1788 1340 1852 vires

225 1888 368 1975 urgenda
391 1909 457 1955 uon
483 1895 551 1954 est:
582 1908 659 1954 nam
683 1896 717 1955 et
739 1890 903 1955 suffocata
932 1908 1026 1973 saepe
1049 1894 1084 1953 et
1105 1891 1237 1973 majore
1257 1891 1339 1955 niso

224 1992 333 2057 minus
354 1993 444 2057 clara
467 1996 531 2071 est,
554 1996 588 2057 et
609 1992 736 2058 interim
758 1994 842 2057 elisa
863 1993 899 2056 in
922 1992 1017 2056 illum
1040 2009 1157 2057 sonum
1175 1993 1335 2075 erumpit,

226 2094 282 2158 cui
297 2091 410 2159 Graeci
424 2094 560 2177 sumpts
573 2114 691 2161 nornen
706 2113 729 2160 a·
742 2096 904 2179 gallorum
918 2096 966 2179 [et
978 2094 1201 2178 ςιιιοιιίοῐιιιιι]
1216 2094 1335 2158 imma-

224 2198 298 2259 turo
313 2198 414 2259 cantu
429 2193 610 2262 dederunt.'

232 2346 236 2355 ·
269 2298 428 2365 Platbner
449 2298 523 2364 baee
546 2298 735 2365 annotavit:
760 2296 980 2365 ‘Abstrusius
1004 2298 1087 2384 quid
1111 2298 1251 2383 poetam
1272 2318 1332 2365 no·

225 2408 325 2481 base,
339 2402 554 2467 fidentissime
567 2398 628 2467 tibi
642 2407 780 2485 praesto.
825 2401 951 2466 Notum
971 2407 1034 2480 est,
1058 2399 1200 2486 Cybeles
1223 2419 1332 2467 mcer-

226 2500 320 2567 dotes
337 2500 450 2567 Gallos
462 2505 589 2569 vocari.
624 2502 708 2569 Erat
721 2507 832 2569 autern
848 2505 913 2568 hoe
928 2504 1096 2568 bominum
1112 2520 1217 2584 genus
1231 2504 1331 2569 lasei-

225 2620 315 2681 vuar,
330 2609 504 2669 ettautnm
526 2624 593 2669 non
619 2606 654 2669 in
676 2608 759 2690 ipsis
782 2606 918 2691 templis
943 2605 1116 2670 muliebria
1133 2606 1329 2690 patiebatur.

225 2702 294 2769 Sed
308 2705 456 2791 plerique
469 2708 569 2773 etiam
581 2708 755 2774 testiculos
777 2709 945 2793 ponebant
961 2706 1109 2786 bilibres,
1131 2706 1180 2793 (v.
1203 2706 1261 2773 ins.
1279 2726 1329 2775 vr.

223 2806 300 2871 371.
323 2804 417 2890 sqq.)
438 2814 472 2871 et
494 2810 634 2873 lascivae
662 2808 817 2874 mulieres
839 2825 954 2881 eorum
979 2809 1160 2874 oonoubitu
1181 2810 1327 2876 maxime

225 2906 484 2985 delectabantur,
509 2908 601 2992 qnod
624 2928 692 2973 non
716 2910 902 2994 gignebant
928 2914 974 2991 (v.
997 2910 1056 2977 ini.
1080 2902 1226 2977 nqueo.
1241 2918 1327 2997 sqq.)

224 3005 426 3072 Alterutrum
440 3007 566 3076 Noster
579 3012 696 3094 tetigit,
712 3014 819 3096 tetigit
831 3018 951 3077 tameo.
997 3012 1089 3077 Nam
1107 3013 1211 3097 priori
1229 3016 1324 3080 modo

219 3108 359 3171 satirioe
370 3104 524 3192 gallinam
538 3117 638 3177 voest
651 3112 804 3196 Gallum
824 3114 1000 3198 posteriori
1013 3133 1105 3193 vero,
1121 3114 1212 3198 quod
1220 3118 1324 3200 magis

223 3207 368 3288 vinem,
394 3206 519 3297 gallina
541 3214 603 3279 erit
624 3214 783 3294 adultera,
806 3233 979 3299 quaecum
1003 3212 1166 3300 Cybelioo
1189 3218 1322 3285 solebat

225 3308 318 3375 Nam
339 3316 373 3376 et
395 3310 505 3379 Gallis
529 3315 604 3381 istis
627 3332 698 3381 vox
720 3316 841 3398 exilis3
863 3319 909 3396 (r.
925 3331 1001 3401 sup.
1017 3332 1058 3383 ιι.
1079 3318 1167 3396 111.)
1184 3326 1322 3403 porroet

223 3408 385 3477 medendi
407 3416 545 3487 uerbum
568 3419 618 3483 rie
645 3419 871 3503 aptissimum:
892 3425 980 3485 notae
998 3418 1133 3504 quippe·
1149 3424 1320 3487 amantium

222 3512 429 3581 blandientes
451 3520 682 3584 morsiunculae
700 3539 745 3587 ex
764 3515 866 3605 Prop.
884 3537 933 3585 ιν.
948 3522 981 3585 3.
995 3522 1050 3587 ab.
1064 3524 1096 3587 b.
1110 3522 1166 3587 39.
1180 3527 1215 3587 et
1229 3522 1320 3589 ovio

222 3612 301 3683 Arn
318 3632 341 3683 ι.
356 3613 471 3684 8.9Θ.’
507 3616 559 3685 Cf.
579 3618 660 3685 Jani
683 3620 728 3687 od
754 3621 876 3688 Horat.
901 3621 967 3688 Od.
987 3638 1012 3689 ι.
1033 3624 1087 3715 ltt.
1102 3623 1155 3690 12.
1201 3624 1320 3691 Vereor

224 3722 345 3801 nmen,
367 3738 418 3786 ne
432 3713 547 3805 po'e'tea¹
566 3722 615 3787 sio
640 3722 958 3809 abundantesque
979 3724 1048 3808 ipsi
1057 3741 1128 3802 ‚non
1140 3725 1176 3789 in
1188 3736 1317 3792 mentun

223 3834 358 3905 renem
380 3824 444 3889 etsi
457 3823 626 3906 ugeniosa
644 3826 731 3889 eerte
749 3824 825 3892 hoec
845 3826 1041 3893 ridebuntur
1059 3824 1115 3907 iis,
1139 3827 1257 3911 quibos
1274 3829 1318 3895 ln·

223 3918 464 3993 betintolibua
477 3926 799 4013 ngenioinuulgere.
1269 3916 1273 3922 ’
