2817 4792
199 375 249 456 84,
616 389 913 449 ,blas-atinias¹
960 403 967 413 ·

209 585 215 596 -
228 575 231 585 ·
244 541 313 608 cr.
330 540 365 610 N
368 557 439 609 mut
445 556 503 618 ns,
514 541 764 626 antiquissimos
777 541 1005 610 Romanorum
1023 541 1139 625 po'e'ta,
1161 542 1223 625 qni
1243 543 1322 608 bel-‘-

200 646 271 712 lum
292 643 458 710 Punicum
474 661 511 722 1.,
537 663 604 727 quo
630 644 796 728 stipendia
809 645 944 722 fenerat
960 645 1111 710 versibus
1132 645 1316 728 descripsit

202 739 378 826 Saturniis,
404 745 550 810 Satiram
574 765 705 828 (proque
729 747 934 829 composuit,
945 752 1041 814 :toste
1066 745 1168 811 Festo
1182 768 1219 830 p.
1234 747 1315 814 411.

200 847 281 916 edit.
298 846 446 912 Dacerii.
492 846 581 912 Haeo
595 865 674 912 vero
694 847 782 911 haud
804 847 904 914 dubie
925 847 990 913 fuit
1010 848 1211 914 dmmatica:
1234 867 1315 914 nam

202 947 347 1018 Naenius
364 949 437 1033 jam
459 948 535 1012 inde
550 947 593 1012 ab
608 966 638 1012 a.
662 947 706 1012 U.
722 968 754 1014 e.
780 965 892 1016 nxrx.
918 950 1070 1035 adeoque
1093 950 1315 1034 quadriennio

200 1057 281 1136 post
293 1055 407 1116 natum
422 1050 578 1129 Ennium,
591 1051 725 1119 fabulas
738 1051 841 1130 dedit,
856 1052 907 1138 (r.
922 1051 1011 1122 Gell.
1028 1052 1192 1119 xv11.21.
1207 1050 1316 1136 extr.)

200 1159 234 1228 et
246 1159 395 1220 mortuus
410 1161 462 1220 est
484 1175 516 1220 a.
530 1153 576 1221 U.
593 1175 623 1221 c.
641 1171 780 1221 uxum.
797 1176 830 1219 r.
845 1155 987 1220 Hieron.
1001 1156 1037 1220 in
1050 1153 1171 1221 chron.
1184 1152 1315 1223 Enseb.

202 1257 246 1322 ad
261 1255 397 1342 Olymp.
407 1257 483 1324 114.
498 1258 558 1322 ubi
571 1257 673 1321 etiam
687 1256 796 1334 tradit,
810 1278 886 1324 eum
899 1259 943 1322 oh
957 1257 1224 1322 maledicentiam
1238 1256 1316 1325 Sci-

200 1361 294 1445 pioni
308 1359 468 1424 Airicano
483 1364 517 1423 et
532 1358 669 1424 Metello
693 1359 837 1424 inrisum
853 1350 971 1440 inisse,
987 1367 1021 1426 et
1034 1358 1179 1444 primum
1192 1360 1228 1422 in
1241 1377 1315 1424 car·

202 1481 311 1528 cerem
326 1481 347 1524 a
360 1461 541 1526 triumviris
557 1459 758 1544 capitalibus
772 1461 972 1544 conjectum,
987 1463 1105 1526 deinde
1118 1463 1153 1526 in
1170 1461 1314 1526 exilium

203 1569 325 1646 actum,
340 1581 403 1626 neo
415 1561 492 1625 inde
506 1561 644 1628 rediisse
656 1562 813 1641 Romam,
827 1565 889 1628 sed
905 1562 1016 1631 Uticae
1031 1565 1169 1631 obiisse.
1193 1563 1315 1628 Tarm

202 1683 335 1752 quoqne
349 1663 501 1745 suspicor
514 1661 616 1728 fuisse
631 1663 775 1730 Satiram
789 1664 829 1728 L.
846 1664 1050 1743 Pourortrr,
1063 1685 1142 1748 quse
1155 1667 1193 1729 in
1217 1670 1316 1730 sexto

203 1765 368 1833 Prisciani
382 1764 467 1828 libro
480 1764 642 1832 landatur.
679 1765 767 1831 -Fuit
780 1767 809 1830 is
822 1766 1046 1836 Bononiensis
1059 1773 1094 1832 et
1107 1767 1315 1833 clarissimus

202 1867 429 1937 Atellanarum
458 1869 609 1950 scriptor,
634 1887 733 1953 quem
758 1868 910 1940 Velleius
935 1869 1011 1934 Pat.
1028 1887 1069 1932 rr.
1084 1868 1119 1936 9.
1164 1867 1317 1932 Sullanis

203 1971 285 2038 dicit
299 1971 501 2054 temporibus
518 1971 654 2049 vixisse,
667 1991 709 2038 ac
724 1972 879 2047 sensibus
891 1971 997 2040 fuisse
1010 1972 1186 2046 celebrem,
1201 1970 1323 2036 vorbis⁴

202 2072 329 2152 rudem,
357 2078 391 2136 et
419 2073 565 2138 novitate
594 2074 717 2138 inventi
751 2093 775 2136 a
801 2093 838 2138 se
862 2074 976 2157 operis
1005 2071 1326 2138 commendabilem·

203 2171 369 2239 Atellanae
394 2175 466 2258 ejus
491 2180 717 2238 memorantur
741 2173 829 2242 Gell.
856 2189 897 2238 x.
916 2175 972 2239 24.
997 2191 1067 2239 xrr.
1093 2175 1148 2238 10.
1171 2189 1257 2237 xvr.
1280 2175 1314 2238 6.

205 2293 320 2342 xvut.
335 2277 369 2341 6.
413 2273 470 2339 Ad
492 2275 577 2341 idem
596 2275 678 2339 forte
701 2275 885 2341 Satirarum
908 2295 1011 2358 genus
1034 2274 1215 2343 referendae
1236 2281 1318 2347 sunt

66 2465 68 2470 ,
203 2379 284 2458 illae,
299 2398 383 2463 quas
397 2377 437 2451 Τ.
454 2376 671 2458 Qurncrrus
691 2375 796 2444 Arra
806 2377 979 2443 Ciceronis
993 2383 1102 2456 etate,
1112 2382 1234 2461 praeter
1247 2377 1317 2446 To-

205 2487 298 2564 gatas
313 2481 444 2544 fabulas
458 2487 491 2546 et
502 2481 762 2564 Epigrammata,
772 2482 948 2565 scripsisse
960 2479 1160 2566 perhibetur.
1170 2479 1215 2543 V.
1229 2479 1326 2567 nie,

205 2582 293 2648 med.
309 2589 342 2646 ct
357 2579 510 2650 Macrob.

248 2679 416 2748 Ennianus
434 2679 556 2746 Satires
570 2683 706 2767 scripsit
720 2683 768 2750 M.
785 2687 996 2766 Picenus,
1005 2685 1108 2771 po'eta
1119 2686 1268 2768 magicus
1282 2692 1320 2751 et

204 2788 326 2872 pictor,
342 2785 440 2860 Ennii
464 2805 566 2870 nepos
590 2805 636 2850 ex
657 2806 783 2865 sorore,
806 2788 836 2851 si
858 2786 970 2852 Plinio
986 2803 1114 2853 xxxv.
1128 2788 1172 2863 4.,
1193 2787 1248 2851 rel
1271 2807 1316 2852 ex

204 2889 286 2972 filiu,
302 2891 331 2953 si
356 2889 562 2984 Hieronymo
576 2888 659 2953 fides
682 2889 836 2954 habenda
858 2890 892 2954 in
907 2889 1025 2955 Chron.
1041 2889 1163 2954 Euseb.
1178 2887 1316 2973 Olymp.

206 3008 306 3056 onvr.
331 2993 362 3055 a
388 2991 446 3054 ubi
471 2991 502 3054 is
525 2991 589 3055 hoc
611 3011 697 3056 anno
719 2993 812 3058 illum
838 2993 1011 3058 Brundisii
1032 2997 1146 3057 natum
1170 3010 1257 3068 eme,
1283 2997 1320 3055 et

205 3112 312 3180 propo
339 3093 597 3172 nonagenarium
623 3094 759 3159 Tarenti
781 3095 904 3160 obiisse
926 3095 1032 3160 refert.
1092 3092 1212 3157 Utrum
1234 3111 1316 3171 roro

160 3247 168 3264 ,
205 3195 359 3282 pressius
369 3193 465 3258 Ennii
480 3195 623 3276 vestigia
636 3202 842 3279 persecutus,
866 3215 909 3262 an
924 3197 1060 3282 proprio
1075 3194 1216 3263 consilio
1230 3193 1315 3269 usus

205 3299 259 3376 sit,
272 3316 338 3362 non
352 3303 498 3362 constat:
521 3299 601 3380 quin
615 3299 787 3364 satiricum
812 3318 945 3380 quoque
967 3296 1101 3381 po'atam
1119 3315 1195 3360 enm
1209 3295 1317 3359 fuisse

205 3401 443 3484 ignoraremus,
458 3401 524 3464 nisi
539 3399 573 3462 id
589 3399 757 3464 docuisset
770 3418 833 3464 nos
853 3397 1032 3462 Diomedes
1045 3398 1105 3462 lib.
1121 3412 1178 3459 111.
1193 3417 1227 3479 p.
1237 3397 1324 3462 483.-

204 3503 257 3569 ed.
274 3500 411 3566 Putsch.
428 3501 523 3584 cujus
545 3501 647 3563 verba
658 3499 731 3583 jam
746 3519 850 3584 supra
862 3500 1087 3566 laudavimus:
1111 3497 1228 3562 ‘Olim
1243 3517 1316 3562 cur·

205 3627 291 3686 men,
308 3603 397 3691 quod
414 3625 458 3668 ex
480 3603 584 3666 variis
606 3602 821 3685 poiimatibus
836 3606 1025 3682 constabat,
1041 3602 1153 3667 Satira
1166 3601 1323 3674 vocabo,

204 3715 269 3787 tur,
296 3707 395 3792 quale
422 3706 626 3790 seripserunt
654 3703 829 3770 Pacuvius
855 3711 889 3770 et
914 3703 1064 3769 Ennius.'
1117 3703 1328 3767 Pacuviana-

206 3812 340 3897 quidem
368 3813 542 3876 servarunt
565 3805 696 3886 Cicero,
722 3807 777 3886 (de
801 3807 885 3874 Div.⁷
899 3825 924 3871 1.
940 3809 994 3872 57.
1010 3811 1043 3870 et
1067 3807 1111 3870 ad
1126 3803 1255 3869 Heren.
1275 3809 1327 3888 11.-¹

206 3913 275 3990 223,)
319 3899 449 3984 Gellius
472 3915 511 3988 (u-
526 3911 581 3976 24.
607 3925 649 3974 ιι.
664 3909 720 3974 26.
744 3925 796 3975 ιν.
811 3909 865 3973 17.
890 3908 1122 3974 rx.14.x111.
1146 3907 1179 3970 2.
1203 3906 1237 3970 8.
1260 3907 1316 3972 29.

209 4028 291 4076 xrv.
308 4011 368 4096 1.),
382 4021 416 4079 et
428 4015 501 4078 alii:
524 4013 584 4078 scd
599 4013 672 4076 hace
686 4011 922 4094 tragoediarum
938 4009 1014 4093 ejus
1029 4009 1083 4073 vel
1095 4008 1317 4091 epigramma·

206 4117 290 4191 tum,
305 4131 374 4177 non
396 4116 581 4193 satirarum,
604 4114 788 4200 fragmenta
810 4118 943 4207 suntet
962 4111 1062 4198 tituli.
1106 4109 1161 4180 De
1183 4109 1329 4216 ingonion'

1389 372 1398 469 i
