2817 4792
552 347 554 350 -
661 309 711 358 nit
733 307 874 359 tantun

211 461 305 524 crant
324 454 483 532 carmina,
500 460 537 520 at
557 452 753 520 differebant
776 461 968 536 argumento
993 455 1136 541 elusaque
1160 453 1331 522 tractandi

213 557 368 634 oonsilio,
389 555 478 638 quod
495 555 537 620 ad
554 556 645 620 solos
658 556 712 619 rel
726 555 996 639 pbilosophorum
1009 557 1063 620 vel
1083 557 1266 641 poetarum
1280 579 1332 624 er-

213 677 314 734 rores,
323 675 390 720 non
402 656 445 720 ed
458 657 535 722 vitm
547 655 749 739 quotidianae
758 675 867 720 mores
875 677 1054 742 eommque
1062 659 1332 726 enrendationem

213 760 406 843 spectabam
437 777 542 840 neque
566 756 693 834 dubito,
719 757 799 838 quin
821 775 931 821 rernm
949 777 1083 842 qnoque
1095 763 1331 825 mactationem

214 879 411 943 magnopere
431 859 639 941 discrepasse
664 857 908 940 intelligeretur,
923 861 954 924 si
978 860 1095 942 integri
1114 868 1333 945 superessent

216 961 302 1040 Silli,
315 980 377 1025 nec
403 960 516 1044 potins
542 976 712 1042 perpauca
733 976 848 1022 eorum
864 958 1060 1042 fragmenta,
1075 981 1152 1045 quar
1165 968 1331 1026 exactam

686 1153 693 1160 .
710 1106 818 1158 NO'l'AE

211 1221 303 1284 *bulis
334 1231 564 1297 comico-satyricis
596 1231 747 1282 Graecorum
788 1229 865 1279 ‘nist
894 1244 1042 1295 quanquam
1062 1231 1169 1294 propius
1200 1229 1234 1278 ad
1258 1231 1333 1280 illam

215 1311 223 1338 ‘
236 1311 355 1374 cornponi
373 1309 445 1358 nullo
459 1317 537 1373 parto
560 1314 648 1372 potest
664 1305 748 1357 Hora·
787 1306 945 1356 ‘accessisse
955 1307 1115 1370 superiorem
1127 1305 1275 1356 Lucilianus
1283 1307 1333 1356 Sa·

214 1387 307 1438 ‘tlana
324 1385 420 1446 Satira,
441 1391 530 1448 potest
547 1383 657 1450 quodam
675 1385 750 1435 mods
789 1381 869 1432 ‘tiras
879 1381 1126 1447 ridentur,quarum
1136 1382 1269 1448 plerisque
1280 1397 1333 1448 par

213 1461 379 1524 ‘Luciliana,
395 1476 452 1526 qua
462 1459 599 1524 imaginem
617 1458 749 1510 referebat
790 1455 861 1508 ‘suit
875 1458 980 1511 ,ridendi
992 1460 1123 1520 materies,
1141 1460 1228 1508 simile
1245 1460 1333 1509 consi-

215 1535 367 1601 ‘antiquae¹
387 1536 550 1588 comicorum
589 1536 746 1590 dicacitatis.
790 1533 882 1598 ‘lium,
909 1535 1000 1586 eadem
1025 1533 1197 1599 impudentia,
1224 1536 1333 1599 gemin

215 1611 341 1678 ‘Quippe
364 1627 440 1677 quam
460 1609 562 1662 Horatii
581 1619 689 1661 venusta
705 1627 748 1660 ur·
787 1610 1064 1663 ‘andacia-Deinde
1084 1612 1129 1660 ubi
1149 1611 1183 1659 de
1206 1613 1334 1661 tractui

216 1689 225 1718 ⁴
237 1687 340 1738 benitas
348 1687 438 1750 coluit,
449 1687 533 1738 Persii
544 1687 659 1750 gravitas
667 1688 749 1750 scuit,
788 1687 900 1736 ‘ratione
919 1688 1056 1752 quaritur,
1086 1686 1244 1737 deducenda
1273 1686 1332 1736 sine

215 1767 224 1794 ⁴
237 1773 264 1814 ct
274 1763 407 1816 Juvenalis
421 1765 556 1815 austeritas
572 1772 692 1831 tanquam
706 1782 749 1816 ver
789 1763 797 1790 ‘
811 1761 890 1812 dnbio
899 1765 950 1812 crit
961 1762 1104 1827 disputatio
1112 1763 1146 1811 ad
1155 1768 1245 1814 certas
1253 1777 1332 1826 quas·

214 1839 222 1867 ‘
234 1853 299 1889 neue
310 1838 427 1900 armarit,
438 1838 532 1900 Satira,
544 1839 612 1904 qrrod
623 1855 638 1888 a
649 1855 749 1890 morum
790 1837 870 1887 ‘dam
885 1838 1005 1902 satyricus
1022 1840 1131 1902 poe'seos
1149 1835 1258 1900 formas,
1277 1840 1332 1904 qui·

214 1907 222 1946 ⁴
234 1913 385 1976 integritate
399 1913 597 1977 serenitateque
619 1912 749 1978 profecta,
788 1913 796 1941 ⁴
808 1913 856 1962 bns
866 1921 977 1964 externo
996 1915 1076 1964 etiam
1088 1914 1188 1972 babitu,
1199 1927 1248 1964 seu
1259 1929 1330 1964 com·

214 1991 222 2018 ⁴
230 1989 331 2053 judicio
349 1987 382 2038 de
405 1987 482 2038 rebus
508 1989 626 2038 bnnrauis
648 1989 751 2039 liberali
789 1987 923 2051 ‘ponendi
935 1990 993 2053 iege
1009 1996 1039 2038 et
1056 1988 1180 2050 artificio,
1201 1990 1331 2054 impressa

215 2063 381 2127 ‘mentisque
411 2075 541 2126 generosa
571 2065 680 2114 honesta
712 2065 750 2113 in·
789 2063 984 2114 ‘similitudinis
1009 2066 1122 2128 vestigia
1149 2065 1328 2118 inveniantur.

213 2137 385 2202 ‘dignatione
413 2137 552 2198 niteretur,
585 2139 623 2204 (v.
652 2139 750 2190 Duscia
789 2137 869 2190 ‘Jarn
880 2154 943 2191 tero
951 2139 1014 2190 illud
1025 2142 1188 2204 perspicuum
1197 2149 1251 2204 est,
1259 2152 1328 2208 asty·

214 2207 327 2266 '‘Briet'e
348 2227 395 2264 zur
412 2211 478 2262 Bild.
491 2211 515 2264 d.
527 2213 704 2263 Geschmsrks
717 2213 749 2263 P.
790 2215 866 2264 ‘rica
876 2213 1029 2265 Graecorum
1037 2218 1329 2284 manoncompa·

214 2295 222 2324 ⁴
236 2306 272 2342 vr.
285 2307 310 2356 p.
323 2288 424 2356 1-tt.)
433 2289 568 2340 materiem
579 2302 679 2338 omnem
691 2287 751 2338 ridi·
788 2289 797 2318 ⁴
809 2289 860 2338 rari
878 2305 938 2340 cum
959 2291 1052 2342 Lucilii
1070 2293 1233 2356 aliorumque
1246 2293 1328 2344 didac-

216 2369 224 2396 ⁴
236 2367 288 2418 cuii
301 2365 407 2430 repetiit
416 2366 449 2415 ab
466 2363 522 2414 istis
541 2364 702 2428 gravioribus
712 2365 749 2413 ri·
788 2365 796 2394 ⁴
809 2365 865 2416 tisis
874 2363 1036 2416 Satirissatis
1045 2367 1329 2432 insigniteatqnecon·

215 2441 702 2507 ¹tiis,qrrseessentinvitabominum
721 2448 750 2492 et
788 2441 885 2492 ‘mode
904 2457 989 2506 posse.
1034 2441 1072 2492 At
1091 2443 1196 2491 tametsi
1213 2440 1328 2494 Romani

214 2517 360 2581 ‘moribus‚
379 2531 489 2582 quaque
514 2517 632 2580 satyricis
650 2515 748 2566 salibus
789 2519 837 2567 ‘in
848 2519 993 2568 scribendis
1004 2517 1096 2568 Satiris
1105 2517 1238 2568 interdum
1249 2535 1328 2584 prox·

214 2593 222 2622 ⁴
234 2591 385 2656 perfricata,
397 2591 513 2641 coiirccri
524 2599 630 2656 possent
644 2601 673 2642 et
683 2593 750 2641 selu·
789 2592 797 2619 ‘
810 2591 861 2642 ime
879 2590 1045 2655 reperiuntur
1065 2591 1180 2642 abfuisse
1196 2608 1213 2643 a
1225 2593 1327 2644 drama·

212 2667 392 2731 ‘titpublicae
408 2681 485 2716 causa
504 2667 643 2717 emendari.
676 2665 749 2718 Grae·
788 2666 862 2724 ‘tice
880 2683 987 2732 genere,
1007 2667 1075 2734 quod
1092 2669 1190 2732 spretis
1211 2666 1263 2721 'ria
1283 2685 1327 2720 an·

215 2740 323 2795 ‘corum
343 2751 434 2794 contra
451 2744 579 2808 satyrice,
600 2743 748 2794 dicaritntis
788 2741 912 2806 ιςιιιιιίἱι,
929 2742 1022 2807 quibus
1039 2741 1150 2792 docendi
1165 2743 1236 2794 ratio
1246 2745 1328 2794 inclu-

214 2815 222 2850 ⁴
235 2821 313 2870 laude
324 2827 458 2882 contenta,
468 2834 518 2869 non
530 2827 581 2869 tam
601 2820 679 2870 risum
691 2835 747 2870 sec·
787 2816 887 2881 ιἀιιιιι,
898 2817 1018 2868 liberiore
1029 2832 1107 2870 cursu
1123 2817 1218 2882 fertur,
1229 2835 1328 2870 rerum·

214 2897 290 2946 ‘uta
309 2905 348 2946 est
359 2897 510 2960 satyricum,
529 2909 605 2959 quam
620 2893 748 2944 comicum
787 2895 857 2958 ‘que
875 2895 1026 2946 tractationi
1050 2896 1205 2945 varietatem
1227 2896 1327 2960 dialogi

215 2971 360 3032 ‘derisum¹
376 2970 749 3036 (etsup,uot.2b.)etcaril-
789 2970 925 3033 ‘impertit
948 2985 979 3021 ac
1007 2969 1167 3020 subitaneam
1194 2973 1326 3036 quandam

214 3045 304 3094 ‘tandi
316 3046 397 3108 magis
417 3047 524 3095 libidine
535 3047 660 3108 excitate,
672 3061 748 3110 quam
788 3045 882 3094 ιιιὶιιιι
909 3053 996 3094 tamen
1016 3061 1092 3095 omne
1104 3048 1157 3096 boc
1172 3045 1326 3099 dramaticus

215 3121 383 3186 ‘corrigendi
411 3121 496 3172 studio
521 3123 639 3185 impulse,
672 3123 748 3172 modo
789 3120 1001 3183 ‘compositionis
1019 3119 1158 3171 artificium
1177 3121 1328 3189 frequenta·

216 3195 225 3226 ⁴
234 3191 351 3246 fortunas
364 3197 466 3260 civium¹
479 3198 554 3248 ruodo
573 3199 688 3262 corporis
704 3199 749 3247 de·
789 3197 865 3246 ‘tum
885 3194 987 3246 demum
1004 3207 1046 3247 est
1061 3197 1096 3245 ab
1118 3198 1150 3246 iis
1171 3198 1270 3263 poetis,
1281 3201 1327 3264 qui

216 3275 224 3302 ¹
236 3271 393 3323 formitatem
405 3283 433 3323 et
444 3273 495 3324 alia
507 3274 602 3324 leviora
613 3274 750 3338 vitia‚quae
787 3271 934 3334 ‘poliundis
944 3271 1037 3322 Satiris
1048 3271 1134 3322 limam
1146 3273 1328 3326 adhibuissent

214 3351 224 3378 ‘
237 3349 398 3400 Comicorum
411 3351 492 3400 solent
513 3349 631 3399 ludibriis
648 3351 751 3414 agitari,
787 3347 795 3374 ‘
808 3363 889 3410 suam,
899 3354 928 3397 et
939 3348 965 3397 in
974 3347 1062 3399 medio
1074 3355 1114 3398 est
1125 3349 1213 3411 posita
1224 3351 1326 3400 Comoe·

215 3425 449 3476 ‘contumeliorum
482 3425 578 3476 aculeis
607 3427 751 3489 lacessivit,
789 3421 859 3471 ’ἀίω
871 3421 1120 3487 hartmutum,
1136 3424 1253 3474 arctiore
1267 3425 1326 3474 dta-

215 3503 280 3564 ‘ita,
294 3508 366 3551 utne
378 3501 673 3567 ingenuitatemqnidem
684 3518 750 3566 prae.
788 3501 796 3528 ⁴
808 3499 910 3550 msticta
928 3500 1040 3550 actionis
1059 3501 1165 3550 vinculo
1182 3501 1242 3552 istis
1253 3503 1327 3554 Gra·

216 3579 319 3628 ‘staret
336 3584 364 3626 et
381 3581 500 3626 ruborem
519 3591 591 3626 strum
611 3577 749 3629 verborum
789 3577 898 3626 ‘corum
917 3573 1011 3626 fabulis
1031 3577 1147 3626 astricta.
1192 3576 1328 3627 Atellanas

216 3653 401 3718 ‘turpitudine
418 3659 445 3702 rt
468 3667 553 3702 rerum
576 3653 749 3704 obscmnitats
788 3652 851 3700 ‘cui
875 3667 926 3700 non
949 3658 1105 3701 succurrunt
1124 3650 1239 3713 fabalis,
1261 3670 1326 3719 quas

216 3727 353 3780 ‘'ritandr.
388 3729 472 3780 Quam
509 3727 612 3791 quidem
644 3729 749 3779 ridiculi
789 3727 931 3780 ‘finitimas
960 3744 1016 3779 esse
1044 3731 1199 3780 Graecorum
1224 3731 1327 3796 Satyris

215 3803 224 3831 ‘
236 3805 359 3869 speciem,
369 3805 395 3854 in
403 3804 520 3854 oratione
532 3803 692 3854 Comicorum
705 3821 748 3855 ve·
788 3809 965 3873 ‘veteresjam
976 3809 1096 3858 truiverse
1110 3809 1327 3872 pronuntiarunt,

217 3879 277 3929 ‘lut
299 3883 494 3939 existimantem,
514 3883 589 3945 longe
615 3882 750 3943 superavit
789 3885 916 3950 ‘quorum
929 3884 1039 3948 judiciis
1056 3898 1114 3933 earn
1130 3882 1223 3934 licebit
1237 3886 1326 3934 mode-

215 3951 408 4008 ‘Romanorum
425 3958 570 4022 poctarum,
589 3973 652 4022 qrros
672 3972 749 4020 supra
788 3959 1248 4024 ‘rationcmadlriberemtcomicam
1256 3975 1325 4009 man·

154 4093 166 4104 ἦ.
215 4030 406 4096 ιιιοιιιίιιιὶιιιιιι,
424 4031 748 4096 liberulisfestivitas,non
787 4036 858 4085 ‘ime
879 4036 1020 4100 Satyricen
1045 4038 1078 4086 ad
1104 4035 1325 4099 comparationem

216 4105 225 4135 ‘
236 4105 282 4156 illa
292 4107 395 4170 quidem
407 4108 432 4158 in
440 4111 576 4159 celeritate
587 4117 665 4174 atque
676 4109 748 4159 dicto
789 4113 797 4142 ⁴
811 4113 958 4168 rotamnsi'

217 4181 333 4246 ‘posita,
350 4181 396 4232 sad
415 4183 441 4232 in
458 4185 634 4248 perpetuitate
654 4198 751 4235 sermo·
