2817 4792
438 381 445 390 ,
541 327 593 377 so
615 327 696 382 ser.
718 329 754 377 v.
1132 315 1199 384 827

90 477 409 560 interpresceusam
427 469 714 551 dicacemnemo
736 473 1091 545 cumBoocharehe.
1112 475 1199 546 Afro

88 579 178 644 velit
190 577 308 655 lavari,
319 575 408 660 quod
422 576 496 643 scil.
509 574 577 654 iile,
598 580 754 660 ecquam
768 577 877 642 adhuc
891 579 981 642 sitin
995 577 1125 658 Ati-ica,
1138 582 1199 648 ubi

89 699 119 744 a
133 679 339 762 serpentibus
354 677 538 742 cavendum
553 678 619 743 sihi
640 679 696 756 sit,
723 679 799 744 oleo
822 679 1029 764 'tripolitano
1052 681 1198 766 malique

88 781 207 846 odoris
228 780 411 862 inungetur.
455 778 612 844 Scholion
634 785 745 846 autem
769 800 870 845 versu
892 800 1090 865 expressum
1110 801 1197 862 esse,

88 901 162 946 non
175 885 226 946 est
240 879 329 964 quod
342 880 482 945 mireris.
526 878 567 943 ld
582 879 668 944 enim
683 885 753 944 tum
766 899 861 960 casu,
876 887 948 946 tum
961 889 1031 949 arte
1050 884 1199 950 scholas·

87 983 154 1048 tici
167 981 249 1060 heri,
263 986 298 1046 et
308 982 473 1048 sententie
486 982 547 1047 vix
560 981 655 1046 aliter
667 983 778 1048 solute
796 984 943 1050 oratione
956 986 1063 1051 efferri
1077 987 1197 1070 potuit.

89 1083 244 1170 optimis
258 1103 390 1169 quoque
405 1084 620 1168 scriptoribus
635 1087 810 1168 prosaicis,
824 1083 1199 1165 Ciceroni,1ivio,Sal·

87 1187 207 1266 lustio,
229 1193 262 1252 et
285 1187 360 1251 aliis
384 1186 505 1251 multos
528 1185 697 1251 excidisse
718 1186 941 1266 hexametros,
963 1189 1038 1271 quis
1059 1193 1111 1254 est
1139 1188 1197 1271 qui

86 1291 243 1371 ignoreti
266 1288 433 1371 Exemplo
455 1286 581 1352 dabunt
604 1287 750 1354 Scheller
769 1291 804 1354 in
819 1287 1003 1372 Praeccptis
1024 1288 1091 1354 stili
1111 1289 1198 1353 hene

85 1392 152 1456 lot·
167 1411 203 1473 p.
217 1391 294 1455 735.
339 1389 419 1454 Pott
431 1389 476 1453 ed
490 1388 598 1474 Epist.
613 1390 636 1455 J
638 1391 737 1456 acohi
756 1408 779 1455 ι.
794 1392 848 1455 17.
862 1396 897 1455 ct
911 1390 1046 1456 Nolten.
1061 1391 1097 1456 in
1112 1389 1198 1456 Lex.

86 1513 125 1558 v.
142 1511 254 1558 cerrus.
299 1491 405 1556 Fraus
418 1495 519 1558 etiam
532 1497 601 1556 tum
621 1493 732 1558 facilis
746 1498 798 1557 est
811 1492 1111 1577 interpolatoribus,
1125 1496 1199 1556 tum

84 1593 237 1660 difficilis
252 1593 295 1659 ad
310 1592 525 1676 detegendum
537 1594 572 1658 in
593 1594 703 1678 poetis
721 1594 878 1673 satiricis,
893 1595 952 1678 qui
965 1595 1107 1659 sermoni
1120 1613 1197 1679 pro·

83 1698 190 1784 piore
211 1698 373 1776 scribrmi3
397 1695 438 1760 de
452 1713 519 1778 quo
532 1715 566 1761 v.
590 1696 710 1762 Horat.
737 1697 807 1762 Set
830 1713 856 1762 1.
879 1697 912 1761 4.
930 1696 1045 1762 socc.
1068 1694 1121 1760 cf.
1136 1695 1196 1760 ins.

85 1799 237 1864 Excurs.
253 1798 295 1863 ed
313 1797 458 1864 111123.

139 1897 238 1985 Afros
251 1899 410 1964 exhibent
430 1899 485 1965 13.
506 1900 560 1964 21.
574 1900 629 1965 22.
653 1899 709 1965 82.
732 1897 826 1981 Afn’e
837 1900 892 1964 77.
912 1895 1197 1964 αεν210.11.12.

84 2001 206 2070 14-17.
221 2001 275 2067 19.
294 2000 348 2067 20.
370 1999 483 2068 23-27.
497 2001 612 2066 45-50.
626 2001 741 2066 54-74.
755 2001 810 2066 76.
825 1999 880 2064 81.
923 1996 1014 2078 Qum
1035 1997 1199 2064 lectiones·

84 2105 209 2191 prohae
222 2107 299 2168 suni
312 2121 436 2170 omncs.
458 2102 505 2171 V.
517 2103 626 2170 Bene.
641 2102 687 2170 ed
700 2101 822 2170 Horat.
835 2100 907 2168 Set
920 2117 964 2166 ιι.
975 2099 1011 2168 8.
1021 2100 1078 2168 95.
