2817 4792
498 419 721 470 inveniare.
1117 407 1162 474 83
1276 458 1284 472 .

57 560 158 646 poiita
170 563 441 648 publicatamque
465 564 581 644 fuisse,
606 587 682 632 cum
702 569 786 634 satis
808 569 920 652 utique
942 573 1080 649 murtei,
1095 575 1160 636 tre-

57 663 221 750 decimam
246 673 280 731 et
302 666 464 732 decimam
493 669 655 754 quintam,
679 690 756 754 quoe
778 671 963 753 penultima
982 677 1045 751 est,
1062 672 1159 738 initio

60 763 224 830 Hadriani
235 768 377 851 scriptus
390 788 475 846 esse,
489 769 532 834 ad
550 770 681 836 tertium
698 773 791 854 regni
804 771 878 856 ejus
893 793 1026 839 annum
1070 773 1158 840 'lbrm

58 865 93 928 in
106 865 306 951 suspicionem
331 869 426 948 venit,
440 871 530 956 quusi
553 881 689 958 temporo
701 871 846 960 figurate
869 885 1012 953 notoria,
1027 883 1158 961 propter

59 969 115 1034 ilia
129 971 242 1050 verba,
253 991 330 1055 qum
345 972 495 1056 leguntur
509 975 620 1042 Satira
630 977 773 1060 septima
794 975 861 1062 (vs.
872 975 945 1062 90.)

275 1119 368 1190 Quod
381 1144 441 1186 riou
453 1121 530 1187 dunt
543 1147 692 1212 proceres,
707 1124 796 1190 dubit
808 1125 929 1192 inimo.

57 1271 203 1356 Singulae
216 1273 268 1340 bie
283 1293 383 1340 voces
399 1275 549 1342 Suetonii
572 1277 794 1360 ponderandae
814 1283 899 1356 sunt,
914 1277 946 1340 in
961 1279 1160 1364 suspicionem

58 1374 148 1451 verrit,
162 1381 196 1442 et
210 1374 444 1464 quueifigurute
467 1387 604 1463 tempore
629 1389 773 1445 notasset.
818 1378 904 1444 Cum
918 1382 1006 1444 enim
1019 1385 1088 1448 tota
1102 1381 1161 1448 illa

58 1473 165 1540 Satira
179 1497 234 1542 res
249 1483 282 1544 et
294 1479 443 1544 homines
463 1480 636 1546 anterioris
656 1480 816 1565 temporis
839 1500 975 1566 carpere
994 1481 1158 1562 rideatur,
1233 1529 1239 1548 .

58 1583 88 1642 et
99 1580 293 1646 nominatim
320 1580 476 1648 Paridem
503 1583 650 1666 arripiat,
673 1584 732 1667 qui
753 1584 816 1648 sub
831 1583 1024 1649 Domitiano
1036 1583 1157 1664 floruit,

58 1685 89 1744 et
102 1683 212 1764 potuit
224 1683 368 1750 multum
377 1686 410 1748 in
423 1683 646 1768 provehendis
661 1687 732 1750 suis
745 1684 941 1764 fautoribus,
952 1684 1097 1772 figurate
1109 1692 1160 1751 ta-

59 1801 129 1848 men
142 1785 244 1850 etiam
256 1805 404 1870 pressam
417 1791 550 1870 tompus
565 1791 759 1852 notaretum
778 1788 870 1852 vans
888 1794 949 1866 est,
964 1807 1031 1871 quo
1043 1787 1161 1854 simili-
1270 1781 1274 1790 ’

59 1891 103 1951 ter
116 1895 149 1952 et
171 1889 288 1954 histrio
314 1889 449 1974 qnidam
472 1895 601 1974 potens,
625 1895 658 1954 et
682 1890 826 1954 scenice
842 1891 995 1972 gratiose
1009 1891 1160 1969 militias,

60 1991 250 2071 tribunatus,
264 1997 297 2056 ct
309 1991 535 2076 praefecturas,
545 1992 728 2060 fautoribus
741 1993 812 2056 suis
826 1991 1034 2057 conciliabat
1077 1987 1160 2058 Hoc

59 2110 115 2154 nec
130 2093 259 2159 abludit
279 2112 300 2157 a
320 2095 465 2158 moribus
478 2093 655 2172 Hadriani,
670 2094 729 2177 qui
742 2093 856 2158 vanas
869 2095 904 2157 in
918 2092 1160 2158 omnibusfuit:

59 2211 131 2256 nam
149 2199 183 2258 et
196 2195 360 2278 psallendi
374 2195 580 2279 canendique
600 2195 715 2261 studio
730 2195 910 2274 tenebatur,
925 2202 959 2261 et
973 2194 1160 2260 comoedias

59 2295 302 2380 nagrediasque
327 2315 457 2380 semper
472 2297 507 2360 in
529 2297 682 2362 convivio
700 2297 887 2362 exhibebat.
931 2297 1026 2361 Licet
1050 2302 1161 2360 numm

61 2395 137 2464 niun
150 2398 219 2462 taio
231 2399 422 2483 scripserint
435 2405 589 2465 auctores
602 2399 682 2464 vitoe
707 2397 886 2476 Hadriani,
910 2400 968 2482 qni
986 2395 1085 2462 hodie
1098 2417 1159 2464 ex·

61 2501 136 2575 tant,
151 2517 218 2562 non
233 2498 419 2566 dubitanter
430 2505 540 2566 tamen
561 2500 596 2564 id
616 2517 796 2582 possumus
816 2497 988 2575 affirmare,
1002 2502 1052 2562 tot
1062 2497 1160 2564 certis

61 2601 260 2690 armamentis
274 2607 307 2666 ct
321 2603 508 2668 testimonio
531 2601 692 2677 Suetonii,
708 2599 798 2684 qnod
823 2601 934 2665 omnia
952 2606 1098 2685 superat,
1110 2601 1160 2664 in-

60 2699 159 2767 ducti.
204 2702 321 2788 Finge,
335 2723 424 2782 vero,
440 2705 541 2768 verba
559 2703 628 2782 illa,
639 2701 725 2788 quod
743 2723 804 2768 non
818 2701 895 2766 dunt
908 2721 1056 2786 proceres,
1070 2700 1160 2768 dabit

61 2797 174 2883 butrio,
186 2805 230 2870 de
244 2807 448 2890 temporibus
473 2805 656 2870 domitiani
670 2805 750 2884 dici,
765 2809 799 2870 et
823 2805 856 2868 in
871 2803 1029 2868 Paridem
1043 2812 1161 2889 panto*

62 2905 190 2970 mimum
206 2907 298 2972 illius
313 2909 390 2985 oevi,
405 2907 495 2972 nulla
509 2914 586 2972 tunc
610 2908 671 2972 erit
694 2907 809 2990 figura,
824 2906 948 2970 nulium
959 2909 1075 2990 σχῆμα,
1088 2907 1160 2970 nui·

61 3000 125 3067 lum
139 3008 274 3092 oblique
293 3009 438 3073 dictum:
471 3027 550 3072 nam
562 3008 711 3076 districte
727 3027 770 3072 ac
778 2991 911 3072 'directe
921 3011 1073 3089 tempora
1086 3005 1160 3070 Do·

62 3108 181 3178 mitiaui
194 3117 324 3189 mxant,
338 3116 372 3176 et
386 3109 539 3176 Paridem
552 3117 666 3194 aperte
688 3111 866 3186 nominant,
881 3112 916 3173 et
933 3108 1068 3172 nimiam
1088 3109 1160 3193 ejus

62 3213 236 3290 ocentiam
249 3219 375 3278 notam.
418 3211 513 3278 Nihil
526 3233 603 3296 ergo
617 3201 936 3295 isticfigururiim,si
958 3211 1160 3294 temporibus
1299 3245 1305 3256 .

63 3303 252 3392 Domitiani,
269 3313 358 3400 quod
372 3314 496 3380 dictum
511 3320 571 3393 cet,
587 3317 673 3379 sicut
687 3319 777 3379 recto
794 3313 957 3392 convenit,
972 3319 1005 3376 et
1023 3331 1160 3398 expres·

62 3431 131 3478 sum
156 3421 217 3495 est,
233 3416 532 3482 accommodemus.
576 3415 643 3480 Sed
659 3417 689 3480 si
707 3416 743 3479 in
759 3433 931 3498 personam
945 3413 1076 3479 Paridis
1090 3414 1160 3490 dic·

62 3518 104 3592 ta,
116 3522 150 3582 et
162 3517 197 3582 in
211 3517 394 3584 Domitiani
407 3519 580 3604 imperinm
594 3517 732 3594 directa,
740 3517 841 3582 tacito
852 3517 887 3580 in
900 3515 1071 3582 historiam
1085 3515 1160 3583 Ha·

63 3617 174 3698 siriani,
189 3628 223 3687 et
237 3619 282 3685 nd
294 3627 445 3704 tempora
468 3619 542 3704 ejus
566 3619 735 3703 culpanda
746 3624 969 3703 torqueantur,
995 3622 1064 3681 tnm
1078 3617 1160 3699 fign-

63 3723 139 3785 ratse
154 3723 314 3788 oratiom‘s
326 3727 360 3788 et
378 3721 559 3786 notationis
582 3721 684 3784 instar
711 3717 746 3782 id
765 3718 935 3784 obtinebit.
981 3717 1110 3814 Etenim
1120 3717 1159 3780 n-

65 3839 141 3902 gura
156 3829 219 3903 cst,
235 3844 311 3890 cum
327 3824 390 3888 sub
405 3823 539 3888 altanus
553 3841 708 3907 persona,
727 3841 825 3905 quem
837 3822 1056 3896 nominamus,
1077 3818 1159 3884 alte·

64 3941 131 3986 rum
145 3945 241 4010 aeque
255 3927 424 4005 vitiosum,
433 3926 492 4011 qui
501 3927 550 3992 ita
557 3925 758 4010 designatur,
767 3929 805 3988 ut
810 3923 951 3986 auditori
960 3920 1159 4004 relinquatur

63 4022 280 4108 inveniendus,
293 4027 482 4112 fatigamus.
526 4028 583 4094 Sic
606 4027 781 4093 Iuvenalis
801 4024 865 4104 sub
881 4024 1012 4088 nomine
1026 4021 1162 4090 Paridis

65 4123 241 4195 domitiani
264 4128 480 4204 Pantomimi,
497 4149 631 4214 carpere
672 4148 714 4192 ac
741 4131 857 4192 notare
882 4124 1021 4208 Qurete
1053 4127 1161 4190 uoluit

65 4225 225 4310 Hadriani
254 4233 448 4317 imperinm
493 4233 555 4297 rub
592 4251 662 4316 quo
700 4234 736 4297 et
764 4230 885 4312 potens
916 4246 1013 4312 reque
1044 4227 1159 4292 hiemo

126 4344 215 4412 dicht.
224 4351 250 4397 a
264 4339 321 4398 Ver.
339 4348 403 4398 cta.
634 4348 693 4400 lea
1072 4343 1095 4396 c
