2817 4792
203 273 269 342 1⁷2
667 287 867 338 uxcnasus

203 432 488 518 ‘Usurpationem
514 436 613 500 totius
635 434 781 500 licentiae
801 434 1037 498 submovemus
1058 433 1155 500 circa
1168 430 1340 514 vectigal

204 521 416 602 Alabarchiae
432 556 490 620 per
503 535 686 621 AEgyptum
701 543 802 620 atque
815 533 1088 617 Augusaneam!

248 635 534 714 Quemadmodum
562 643 672 701 autem
701 636 743 700 de
766 637 843 720 ipso
869 637 973 701 verbo
996 635 1135 719 ejusque
1168 635 1205 698 vi
1229 636 1341 701 inter

202 739 294 802 viros
312 737 428 802 doctos
441 739 619 822 discrepat,
641 739 690 804 ita
704 745 738 802 et
752 736 794 800 de
807 757 860 814 eo,
883 735 927 800 ad
943 756 1042 819 quem
1055 735 1158 819 poeta
1169 736 1202 798 b.
1217 736 1241 801 l.
1271 757 1342 800 re-

205 841 369 922 spexerit:
392 859 581 923 quanquam
595 841 677 904 inter
693 859 752 904 eos
768 839 836 902 fere
851 839 1016 916 convenit,
1039 849 1142 922 atque,
1166 857 1233 902 non
1247 849 1341 914 aur,

205 941 237 1004 lr.
251 937 274 1002 l.
288 939 474 1021 legendum,
497 946 529 1006 et
546 939 731 1025 AEgpptr'um
754 949 846 1025 utque
865 937 1071 1003 Araborclen
1091 939 1146 1003 vel
1170 937 1339 1002 Aindar-

207 1039 279 1104 elren
307 1061 375 1105 non
401 1041 563 1119 diversos,
595 1044 654 1107 sed
678 1063 780 1106 unum
804 1041 1010 1127 eundemque
1034 1041 1202 1105 bominem
1227 1061 1335 1107 esse.

207 1143 364 1230 Baptista
376 1144 459 1209 Pius
483 1143 669 1226 (Aunotatt.
693 1151 816 1230 poster.
832 1141 948 1227 aaa)
974 1146 1126 1227 quemvis
1150 1143 1335 1228 designari

206 1249 347 1332 putabat
371 1248 501 1313 mollem
531 1255 629 1332 atque
667 1248 929 1326 effoeminatum3
966 1245 1165 1312 Parrhasius
1198 1246 1333 1331 (epist.

78 1366 80 1376 ·
209 1347 346 1433 xxrrr.)
360 1355 393 1414 et
407 1350 496 1415 Ptol.
513 1349 650 1415 Flavius
663 1347 874 1435 (Conjectan.
890 1369 921 1412 c.
937 1344 1010 1430 49.)
1031 1345 1231 1430 Joseplrnm,
1255 1345 1332 1410 du-

206 1469 280 1514 cem
295 1471 317 1514 a
330 1450 464 1514 Judaeis
480 1456 638 1528 creatum,
659 1455 704 1528 ct,
720 1451 751 1514 si
768 1439 813 1514 D.
830 1449 1039 1533 Hieronymo
1053 1446 1138 1511 tides
1151 1447 1329 1527 habenda,

127 1631 132 1640 ἱ
207 1556 344 1633 propter
373 1553 526 1616 virtutem
562 1571 603 1616 ae
635 1551 832 1616 vaticinium
866 1550 908 1614 de
943 1550 1083 1632 imperio
1112 1540 1330 1632 Vespasiani

208 1654 319 1716 statua
333 1651 522 1735 triumphali
535 1651 712 1732 donatum;
735 1651 906 1736 Gyraldus
927 1650 979 1734 (in
998 1649 1135 1731 Dialog.
1150 1647 1328 1734 xxxix.)

207 1755 240 1816 et
251 1747 405 1816 Alciatus
418 1750 469 1838 (in
484 1752 706 1818 Praetermiss.
719 1757 775 1830 ιι.)
789 1751 960 1817 Tiberium
970 1747 1215 1830 Alexandrum,
1229 1754 1326 1814 ’Am-

125 1930 132 1944 ‘
207 1847 326 1940 βάςχην
340 1851 566 1932 Alexandriae,
589 1853 725 1918 fratrem
744 1853 894 1918 Philonis
907 1851 1034 1935 Judaei,
1055 1853 1111 1918 vel
1124 1853 1200 1938 ejus
1213 1854 1322 1919 filium

208 1955 359 2039 ejusdem
373 1957 525 2034 nominis,
548 1956 803 2021 Procuratorem
828 1955 962 2021 Iudaeae
988 1962 1023 2019 et
1044 1955 1207 2018 illustrem
1227 1953 1320 2040 eqni·

209 2061 277 2120 tem
292 2055 502 2138 Romannm3
525 2058 578 2136 (de
594 2058 720 2141 quibus
733 2079 767 2124 v.
782 2057 805 2121 J
806 2059 923 2142 osepb.
937 2074 1008 2124 xx.
1024 2057 1057 2121 3.
1072 2056 1167 2138 Lips.
1180 2057 1225 2121 ad
1236 2057 1317 2120 Tac.

210 2153 298 2221 Ann.
315 2172 380 2220 xv.
394 2158 451 2223 28.
474 2163 509 2223 et
535 2157 628 2240 Hist.
646 2175 671 2224 1.
686 2160 740 2224 ll.
758 2176 799 2224 ιι.
812 2161 866 2225 74.
880 2156 952 2243 79.)
975 2157 1192 2224 Britannicos
1206 2163 1318 2222 antem

213 2263 245 2326 et
275 2259 334 2324 alii
364 2258 554 2343 Crispinum
578 2260 785 2346 AEgyptium,
819 2280 918 2344 quem
945 2260 1094 2324 Lubinus
1121 2257 1321 2322 mordaciter

208 2357 361 2425 Arabum
383 2360 567 2445 principem
595 2361 758 2446 appellari
786 2361 1009 2438 existimabat,
1041 2361 1138 2443 quasi
1168 2361 1318 2424 omnium

205 2469 380 2544 ¹ternarum
395 2481 439 2526 ex
456 2459 581 2526 Arabia
595 2482 773 2541 summum,
795 2463 826 2527 h.
841 2483 872 2528 e.
896 2461 1089 2546 pessimum,
1112 2480 1216 2546 quern
1239 2480 1318 2525 vero

211 2581 231 2624 α
256 2557 379 2624 Nerone
395 2561 525 2625 Arabiae
547 2561 721 2646 principem
747 2585 806 2627 erre
823 2561 954 2650 suctum
979 2562 1083 2629 tradit
1106 2562 1223 2626 Schol.
1251 2561 1318 2626 Ms.

211 2663 365 2729 laudatus
380 2664 414 2726 iu
429 2661 573 2728 Misoell.
590 2662 689 2729 Obss.
704 2667 777 2729 crit.
791 2663 872 2730 Vol.
890 2682 923 2728 v.
937 2664 980 2729 Τ.
996 2681 1038 2728 ιι.
1052 2685 1088 2748 p.
1101 2665 1179 2729 267.
1218 2661 1319 2742 Quod

211 2763 242 2829 si
266 2785 379 2832 verum
401 2772 462 2845 est,
483 2786 545 2832 nec
565 2765 679 2850 polius
705 2769 905 2852 conjectura,
926 2785 973 2830 ex
986 2766 1021 2830 b.
1036 2765 1060 2831 l.
1084 2765 1203 2845 ducta3
1227 2768 1318 2848 (qua

211 2869 320 2930 tamem
348 2867 521 2950 ingeniosa
544 2867 674 2932 videtur
696 2874 731 2932 et
754 2866 933 2934 admodum
953 2867 1152 2951 probabilis)
1173 2885 1243 2930 non
1259 2869 1319 2941 est,

212 2967 303 3048 quod
318 2967 517 3046 dubitemus,
539 2969 618 3050 quin
636 2969 805 3051 pessimus
826 2969 883 3034 ille
903 2969 1004 3034 bomo
1027 2966 1240 3052 significetur,
1263 2967 1320 3050 qui

212 3066 294 3130 mali
308 3066 476 3152 Principis
491 3067 597 3150 petia
617 3087 637 3132 e
660 3069 772 3134 servili
786 3069 975 3134 conditione
989 3069 1033 3132 ad
1047 3087 1213 3136 summum
1228 3067 1322 3133 fasti·

213 3167 304 3253 glum
328 3173 464 3234 evectus
485 3173 547 3247 est,
569 3174 603 3234 et
628 3169 663 3234 in
686 3189 785 3254 quem
806 3168 981 3236 Iuvenalis
1008 3170 1110 3236 etiam
1136 3169 1209 3235 Sat.
1227 3188 1253 3234 ι.
1266 3170 1319 3236 w.

214 3287 289 3355 sqq.
304 3275 338 3334 et
354 3287 403 3334 ιν.
419 3271 536 3336 1-28.
552 3269 626 3336 108.
641 3271 706 3336 109
720 3273 878 3337 acerrime
891 3271 1064 3339 invehitur.

258 3369 425 3454 Equidem
439 3373 519 3436 olim
532 3373 731 3455 suspicabar
750 3371 923 3456 legendum
937 3391 1013 3437 esse
1028 3371 1208 3458 AEgpplinr,
1229 3383 1320 3458 utque

214 3474 269 3539 uel
284 3483 341 3537 unt
354 3471 551 3552 Alabandus,
573 3479 610 3539 ut
633 3474 720 3540 servi
749 3475 937 3554 innuantur,
960 3476 1019 3559 qui
1047 3495 1093 3540 ex
1115 3475 1268 3560 AEgypto
1288 3481 1320 3540 et

215 3575 319 3642 Caria
332 3575 443 3661 (cujus
458 3578 536 3641 urbs
553 3573 725 3640 Alabanda
747 3577 806 3642 inf.
823 3591 880 3644 ιιι.
899 3579 955 3644 70.
969 3582 1004 3642 et
1017 3577 1146 3661 passim
1159 3593 1320 3642 memora·

214 3682 282 3759 tur)
298 3679 444 3746 Romam
466 3679 532 3744 sint
554 3681 701 3761 deducti,
724 3682 839 3767 ibique
864 3682 909 3748 ad
932 3683 1158 3767 amplissimos
1179 3680 1320 3746 honores

216 3783 432 3850 ascenderint.
475 3783 545 3849 Sed
569 3785 604 3850 in
628 3803 663 3848 re
688 3789 757 3859 tam
778 3786 923 3850 obscura
936 3785 1151 3867 ignorantiam
1173 3780 1318 3866 profiteri

216 3883 317 3964 1111110,
338 3906 439 3970 quam
452 3887 547 3954 vanis
559 3887 760 3975 incertisque
774 3886 975 3971 conjecturis
989 3884 1172 3967 indulgere.
